<?xml version="1.0" encoding="UTF-8"?>
<collection><record><leader>00000nam a2200313 a 4500</leader><controlfield tag="005">20010410000000.0</controlfield><controlfield tag="007">he amu|||baca</controlfield><controlfield tag="008">010406s1886    nyu     b     00000 eng d</controlfield><controlfield tag="001">990041602920106381</controlfield><datafield tag="035" ind1=" " ind2=" "><subfield code="a">(MiU)004160292MIU01</subfield></datafield><datafield tag="035" ind1=" " ind2=" "><subfield code="a">(ProQuest)gerritsen99965545</subfield></datafield><datafield tag="035" ind1=" " ind2=" "><subfield code="a">(UnM)UnM99965545</subfield></datafield><datafield tag="035" ind1=" " ind2=" "><subfield code="a">(OCoLC)ocm46721391</subfield><subfield code="0">(uri) http://www.worldcat.org/oclc/46721391</subfield></datafield><datafield tag="037" ind1=" " ind2=" "><subfield code="a">CL0097000001</subfield><subfield code="b">UMI 300 N. Zeeb Rd. Ann Arbor, MI 48103-1553</subfield></datafield><datafield tag="040" ind1=" " ind2=" "><subfield code="a">JMCA</subfield><subfield code="d">EYM</subfield></datafield><datafield tag="041" ind1="0" ind2=" "><subfield code="a">engger</subfield></datafield><datafield tag="049" ind1=" " ind2=" "><subfield code="a">EYOI</subfield></datafield><datafield tag="099" ind1=" " ind2=" "><subfield code="a">MICRO-F;4113;no. 188</subfield></datafield><datafield tag="100" ind1="1" ind2=" "><subfield code="a">Bebel, August,</subfield><subfield code="d">1840-1913.</subfield><subfield code="0">(uri) http://id.loc.gov/authorities/names/n80004129</subfield><subfield code="0">(uri) http://viaf.org/viaf/sourceID/LC|n80004129</subfield></datafield><datafield tag="245" ind1="1" ind2="0"><subfield code="a">Woman in the past, present and future</subfield><subfield code="h">[microform] /</subfield><subfield code="c">von August Bebel ; translated from the German by H. B. Adams Walther.</subfield></datafield><datafield tag="260" ind1=" " ind2=" "><subfield code="a">New York :</subfield><subfield code="b">J.W. Lovell,</subfield><subfield code="c">[1886]</subfield></datafield><datafield tag="300" ind1=" " ind2=" "><subfield code="a">268 p. ;</subfield><subfield code="c">19 cm.</subfield></datafield><datafield tag="490" ind1="0" ind2=" "><subfield code="a">Lovell's library ; v. 14, no. 712</subfield></datafield><datafield tag="500" ind1=" " ind2=" "><subfield code="a">An English translation, "Woman and socialism," New York, 1910, is filmed as Gerritsen no. 187.</subfield></datafield><datafield tag="520" ind1=" " ind2=" "><subfield code="a">An earlier edition, "Die Frau in der Vergangenheit, Gegenwart und Zukunft," Zurich, 1883, is filmed as Gerritsen no. D183. Later editions have title "Die Frau und der Sozialismus," Stuttgart, 1900 and 1910, and are filmed as Gerritsen no. D184 and D185.</subfield></datafield><datafield tag="533" ind1=" " ind2=" "><subfield code="a">Microfiche.</subfield><subfield code="b">Sanford, N.C. :</subfield><subfield code="c">Microfilming Corp. of America,</subfield><subfield code="d">1980.</subfield><subfield code="e">3 microfiches.</subfield><subfield code="f">(The Gerritsen collection of women's history ; no. 188)</subfield></datafield><datafield tag="650" ind1=" " ind2="0"><subfield code="a">Socialism.</subfield><subfield code="0">(uri) http://id.loc.gov/authorities/subjects/sh85124118</subfield></datafield><datafield tag="650" ind1=" " ind2="0"><subfield code="a">Women</subfield><subfield code="x">Social conditions.</subfield><subfield code="0">(uri) http://id.loc.gov/authorities/subjects/sh85147341</subfield></datafield><datafield tag="700" ind1="1" ind2=" "><subfield code="a">Walther, H. B. Adams.</subfield><subfield code="0">(uri) http://id.loc.gov/authorities/names/no2021094515</subfield><subfield code="0">(uri) http://viaf.org/viaf/sourceID/LC|no2021094515</subfield></datafield><datafield tag="730" ind1="0" ind2=" "><subfield code="a">Gerritsen collection of Aletta H. Jacobs.</subfield></datafield><datafield tag="830" ind1=" " ind2="0"><subfield code="a">Gerritsen collection of women's history ;</subfield><subfield code="v">no. 188.</subfield><subfield code="0">https://open-na.hosted.exlibrisgroup.com/alma/01UMICH_INST/authorities/98187431363806381.jsonld</subfield></datafield><datafield tag="856" ind1="4" ind2="1"><subfield code="z">Access to the Gerritsen Collection online version restricted; authentication may be required:</subfield><subfield code="u">http://gateway.proquest.com/openurl?url_ver=Z39.88-2004&amp;res_dat=xri:gerritsen&amp;rft_dat=xri:gerritsen:bookrec:Gerritsen-G188</subfield><subfield code="m">Gerritsen Collection</subfield></datafield><datafield tag="998" ind1=" " ind2=" "><subfield code="c">gerritsen-dld ERLoad20100907merge</subfield></datafield><datafield tag="958" ind1=" " ind2=" "><subfield code="a">MiU</subfield></datafield><datafield tag="959" ind1=" " ind2=" "><subfield code="a">(notis)ULBBE1734</subfield></datafield><datafield tag="995" ind1=" " ind2=" "><subfield code="a">20</subfield></datafield><datafield tag="BIB" ind1=" " ind2=" "><subfield code="u">2021-08-21 04:36:55 US/Eastern</subfield><subfield code="c">2021-06-21 15:20:47 US/Eastern</subfield></datafield><datafield tag="E56" ind1=" " ind2=" "><subfield code="m">Gerritsen Collection</subfield><subfield code="l">ELEC</subfield><subfield code="t">static</subfield><subfield code="u">https://na04.alma.exlibrisgroup.com/view/uresolver/01UMICH_INST/openurl?u.ignore_date_coverage=true&amp;portfolio_pid=531021233730006381&amp;Force_direct=true</subfield><subfield code="v">https://umich.alma.exlibrisgroup.com/view/uresolver/01UMICH_INST/openurl?&amp;rfr_id=info:sid/primo.exlibrisgroup.com&amp;svc_dat=CTO?u.ignore_date_coverage=true?u.ignore_date_coverage=true&amp;rft.mms_id=990041602920106381</subfield><subfield code="z">Access to the Gerritsen Collection online version restricted; authentication may be required:</subfield><subfield code="q">true</subfield><subfield code="s">Available</subfield><subfield code="8">531021233730006381</subfield></datafield><datafield tag="852" ind1="4" ind2=" "><subfield code="b">BUHR</subfield><subfield code="a">MiU</subfield><subfield code="c">MAIN</subfield><subfield code="j">MICRO-F 4113 no.188</subfield><subfield code="8">22923776740006381</subfield></datafield><datafield tag="974" ind1=" " ind2=" "><subfield code="8">22923776740006381</subfield><subfield code="f">1</subfield><subfield code="c">MAIN</subfield><subfield code="m">BOOK</subfield><subfield code="a">B1753008</subfield><subfield code="e">MAIN</subfield><subfield code="7">23923776730006381</subfield><subfield code="p">01</subfield><subfield code="r">2004-06-25 10:59:00</subfield><subfield code="h">MICRO-F 4113 no.188</subfield><subfield code="d">BUHR</subfield><subfield code="b">BUHR</subfield></datafield></record>