<record><leader>00000cam a2200337   4500</leader><controlfield tag="005">20070910173000.0</controlfield><controlfield tag="006">m    |   d |      </controlfield><controlfield tag="007">cr |n||||||||n</controlfield><controlfield tag="008">780405s1790    enk|||| s     00| ||eng c</controlfield><controlfield tag="001">990076474960106381</controlfield><datafield tag="035" ind1=" " ind2=" "><subfield code="a">(MiU)007647496MIU01</subfield></datafield><datafield tag="035" ind1=" " ind2=" "><subfield code="a">(OCoLC)1136312058</subfield><subfield code="0">(uri) http://www.worldcat.org/oclc/1136312058</subfield></datafield><datafield tag="035" ind1=" " ind2=" "><subfield code="a">(CU-RivES)ECCO T5303</subfield></datafield><datafield tag="035" ind1=" " ind2=" "><subfield code="a">(Uk-ES)006244461</subfield></datafield><datafield tag="040" ind1=" " ind2=" "><subfield code="a">Uk-ES</subfield><subfield code="c">Uk-ES</subfield><subfield code="d">MiU</subfield><subfield code="d">CStRLIN</subfield><subfield code="d">Cengage Gale</subfield></datafield><datafield tag="100" ind1="1" ind2=" "><subfield code="a">Stanhope, Charles Stanhope,</subfield><subfield code="c">Earl,</subfield><subfield code="d">1753-1816.</subfield><subfield code="0">(uri) http://id.loc.gov/authorities/names/n85067370</subfield><subfield code="0">(uri) http://viaf.org/viaf/sourceID/LC|n85067370</subfield></datafield><datafield tag="245" ind1="1" ind2="2"><subfield code="a">A letter from Earl Stanhope, to the Right Honourable Edmund Burke</subfield><subfield code="h">[electronic resource] :</subfield><subfield code="b">Containing a short answer to his late speech on the French revolution.</subfield></datafield><datafield tag="260" ind1=" " ind2=" "><subfield code="a">London :</subfield><subfield code="b">Printed by George Stafford, for P. Elmsly, in the Strand: and sold by J. Debrett and J. Stockdale, Piccadilly,</subfield><subfield code="c">M.DCC.XC. [1790]</subfield></datafield><datafield tag="500" ind1=" " ind2=" "><subfield code="a">With a half-title and a final leaf of advertisements.</subfield></datafield><datafield tag="533" ind1=" " ind2=" "><subfield code="a">Electronic reproduction.</subfield><subfield code="b">Farmington Hills, Mich. :</subfield><subfield code="c">Cengage Gale,</subfield><subfield code="d">2009.</subfield><subfield code="n">Available via the World Wide Web.</subfield><subfield code="n">Access limited by licensing agreements.</subfield><subfield code="7">s2009 miunns</subfield></datafield><datafield tag="500" ind1=" " ind2=" "><subfield code="a">Reproduction of original from University of London's Goldsmiths' Library.</subfield></datafield><datafield tag="600" ind1="1" ind2="0"><subfield code="a">Burke, Edmund,</subfield><subfield code="d">1729-1797.</subfield><subfield code="t">Reflections on the revolution in France.</subfield></datafield><datafield tag="730" ind1="0" ind2=" "><subfield code="a">Eighteenth century collections online.</subfield><subfield code="0">(uri) http://id.loc.gov/authorities/names/no2009018949</subfield><subfield code="0">(uri) http://viaf.org/viaf/sourceID/LC|no2009018949</subfield></datafield><datafield tag="752" ind1=" " ind2=" "><subfield code="a">Great Britain</subfield><subfield code="b">England</subfield><subfield code="d">London.</subfield></datafield><datafield tag="856" ind1="4" ind2="0"><subfield code="z">Access to the ECCO online version restricted; authentication may be required:</subfield><subfield code="u">http://find.galegroup.com/ecco/infomark.do?contentSet=ECCOArticles&amp;docType=ECCOArticles&amp;bookId=1613301900&amp;type=getFullCitation&amp;tabID=T001&amp;prodId=ECCO&amp;docLevel=TEXT_GRAPHICS&amp;version=1.0&amp;source=library&amp;userGroupName=umuser</subfield><subfield code="m">ECCO</subfield></datafield><datafield tag="997" ind1=" " ind2=" "><subfield code="a">MARS</subfield></datafield><datafield tag="998" ind1=" " ind2=" "><subfield code="c">ecco-dld ERLoad20100401</subfield></datafield><datafield tag="958" ind1=" " ind2=" "><subfield code="a">MiU</subfield></datafield><datafield tag="969" ind1="9" ind2="9"><subfield code="a">REPORT preload validation error</subfield><subfield code="b">852: Subfield _r is not allowed.</subfield><subfield code="c">ecco_10a</subfield></datafield><datafield tag="969" ind1="9" ind2="9"><subfield code="a">REPORT local routine error</subfield><subfield code="b">record has neither 050 or 090</subfield><subfield code="c">ecco_10a</subfield></datafield><datafield tag="995" ind1=" " ind2=" "><subfield code="a">20</subfield></datafield><datafield tag="BIB" ind1=" " ind2=" "><subfield code="u">2021-08-21 04:36:55 US/Eastern</subfield><subfield code="c">2021-06-21 03:47:28 US/Eastern</subfield></datafield><datafield tag="E56" ind1=" " ind2=" "><subfield code="m">ECCO</subfield><subfield code="l">ELEC</subfield><subfield code="t">static</subfield><subfield code="u">https://na04.alma.exlibrisgroup.com/view/uresolver/01UMICH_INST/openurl?u.ignore_date_coverage=true&amp;portfolio_pid=531062393460006381&amp;Force_direct=true</subfield><subfield code="v">https://umich.alma.exlibrisgroup.com/view/uresolver/01UMICH_INST/openurl?&amp;rfr_id=info:sid/primo.exlibrisgroup.com&amp;svc_dat=CTO?u.ignore_date_coverage=true?u.ignore_date_coverage=true&amp;rft.mms_id=990076474960106381</subfield><subfield code="z">Access to the ECCO online version restricted; authentication may be required:</subfield><subfield code="q">true</subfield><subfield code="s">Available</subfield><subfield code="8">531062393460006381</subfield></datafield></record>