<record><leader>     nam a22002417i 4500</leader><controlfield tag="005">20030730000000.0</controlfield><controlfield tag="006">m        d        </controlfield><controlfield tag="007">herbmu|||baca</controlfield><controlfield tag="007">cr||||||||||||</controlfield><controlfield tag="008">910326s1819    ctu     b     00001 eng d</controlfield><controlfield tag="001">990024183250106381</controlfield><datafield tag="035" ind1=" " ind2=" "><subfield code="a">(MiU)002418325MIU01</subfield></datafield><datafield tag="035" ind1=" " ind2=" "><subfield code="a">(OCoLC)ocm15577473</subfield><subfield code="0">(uri) http://www.worldcat.org/oclc/15577473</subfield></datafield><datafield tag="040" ind1=" " ind2=" "><subfield code="a">STF</subfield><subfield code="c">STF</subfield><subfield code="d">m.c.</subfield><subfield code="d">MiU</subfield></datafield><datafield tag="099" ind1=" " ind2=" "><subfield code="a">OCLC--MAJORMF</subfield></datafield><datafield tag="100" ind1="1" ind2=" "><subfield code="a">Edgeworth, Maria,</subfield><subfield code="d">1768-1849.</subfield><subfield code="0">(uri) http://id.loc.gov/authorities/names/n79061006</subfield><subfield code="0">(uri) http://viaf.org/viaf/sourceID/LC|n79061006</subfield></datafield><datafield tag="245" ind1="1" ind2="4"><subfield code="a">The white pigeon</subfield><subfield code="h">[microform].</subfield></datafield><datafield tag="260" ind1=" " ind2=" "><subfield code="a">[Boston :</subfield><subfield code="b">Wells &amp; Lilly,</subfield><subfield code="c">1819]</subfield></datafield><datafield tag="300" ind1=" " ind2=" "><subfield code="a">20 p.</subfield></datafield><datafield tag="500" ind1=" " ind2=" "><subfield code="a">Caption title.</subfield></datafield><datafield tag="510" ind1="4" ind2=" "><subfield code="a">Shaw &amp; Shoemaker,</subfield><subfield code="c">47880.</subfield></datafield><datafield tag="533" ind1=" " ind2=" "><subfield code="a">Microfiche.</subfield><subfield code="b">New Cannan, CT. :</subfield><subfield code="c">Readex,</subfield><subfield code="d">19 .</subfield><subfield code="e">microfiche : negative ; 11 x 15 cm.</subfield><subfield code="f">(Early American Imprints. Second series)</subfield></datafield><datafield tag="752" ind1=" " ind2=" "><subfield code="a">United States</subfield><subfield code="b">Massachusetts</subfield><subfield code="d">Boston.</subfield></datafield><datafield tag="830" ind1=" " ind2="0"><subfield code="a">Early American imprints, 1801-1819 ;</subfield><subfield code="v">no. 47880.</subfield><subfield code="0">https://open-na.hosted.exlibrisgroup.com/alma/01UMICH_INST/authorities/98187431981606381.jsonld</subfield></datafield><datafield tag="856" ind1="4" ind2="1"><subfield code="z">Access to the Early American Imprints version restricted; authentication may be required:</subfield><subfield code="u">http://opac.newsbank.com/select/shaw/47880/</subfield><subfield code="m">Early American Imprints</subfield></datafield><datafield tag="998" ind1=" " ind2=" "><subfield code="c">aasurl-dld ERLoad20110722</subfield></datafield><datafield tag="958" ind1=" " ind2=" "><subfield code="a">MiU</subfield></datafield><datafield tag="959" ind1=" " ind2=" "><subfield code="a">(notis)ULALN8994</subfield></datafield><datafield tag="995" ind1=" " ind2=" "><subfield code="a">20</subfield></datafield><datafield tag="BIB" ind1=" " ind2=" "><subfield code="u">2021-08-21 04:36:24 US/Eastern</subfield><subfield code="c">2021-06-21 09:21:00 US/Eastern</subfield></datafield><datafield tag="E56" ind1=" " ind2=" "><subfield code="m">Early American Imprints</subfield><subfield code="l">ELEC</subfield><subfield code="t">static</subfield><subfield code="u">https://na04.alma.exlibrisgroup.com/view/uresolver/01UMICH_INST/openurl?u.ignore_date_coverage=true&amp;portfolio_pid=531021303000006381&amp;Force_direct=true</subfield><subfield code="v">https://umich.alma.exlibrisgroup.com/view/uresolver/01UMICH_INST/openurl?&amp;rfr_id=info:sid/primo.exlibrisgroup.com&amp;svc_dat=CTO?u.ignore_date_coverage=true?u.ignore_date_coverage=true&amp;rft.mms_id=990024183250106381</subfield><subfield code="z">Access to the Early American Imprints version restricted; authentication may be required:</subfield><subfield code="q">true</subfield><subfield code="s">Available</subfield><subfield code="8">531021303000006381</subfield></datafield><datafield tag="852" ind1="4" ind2=" "><subfield code="b">BUHR</subfield><subfield code="a">MiU</subfield><subfield code="c">MAIN</subfield><subfield code="j">MICRO-F 2041 no. 47880.</subfield><subfield code="8">22821950820006381</subfield></datafield><datafield tag="974" ind1=" " ind2=" "><subfield code="8">22821950820006381</subfield><subfield code="f">1</subfield><subfield code="c">MAIN</subfield><subfield code="m">BOOK</subfield><subfield code="a">B936588</subfield><subfield code="e">MAIN</subfield><subfield code="7">23821950810006381</subfield><subfield code="p">01</subfield><subfield code="r">2004-06-25 10:59:00</subfield><subfield code="h">MICRO-F 2041 no. 47880.</subfield><subfield code="d">BUHR</subfield><subfield code="b">BUHR</subfield></datafield></record>