<record><leader>00000nam a2200421Ii 4500</leader><controlfield tag="005">20200519141602.0</controlfield><controlfield tag="006">m     o  d f      </controlfield><controlfield tag="007">cr |||||||||||</controlfield><controlfield tag="008">200519s1987    miu     o    f000 0 eng d</controlfield><controlfield tag="001">990180841530106381</controlfield><datafield tag="035" ind1=" " ind2=" "><subfield code="a">(MiU)018084153MIU01</subfield></datafield><datafield tag="035" ind1=" " ind2=" "><subfield code="a">(OCoLC)on1154768893</subfield><subfield code="0">(uri) http://www.worldcat.org/oclc/1154768893</subfield></datafield><datafield tag="040" ind1=" " ind2=" "><subfield code="a">GPO</subfield><subfield code="b">eng</subfield><subfield code="e">rda</subfield><subfield code="e">pn</subfield><subfield code="c">GPO</subfield><subfield code="d">GPO</subfield><subfield code="d">MvI</subfield></datafield><datafield tag="043" ind1=" " ind2=" "><subfield code="a">n-us---</subfield></datafield><datafield tag="049" ind1=" " ind2=" "><subfield code="a">EY2L</subfield></datafield><datafield tag="074" ind1=" " ind2=" "><subfield code="a">0483-E-01 (online)</subfield></datafield><datafield tag="086" ind1="0" ind2=" "><subfield code="a">EP 4.2:AU 3/3</subfield></datafield><datafield tag="088" ind1=" " ind2=" "><subfield code="a">EPA-AA-TSS-I/M-85-09</subfield></datafield><datafield tag="100" ind1="1" ind2=" "><subfield code="a">Lorang, Philip A.,</subfield><subfield code="e">author.</subfield><subfield code="0">(uri) http://id.loc.gov/authorities/names/no2021094434</subfield><subfield code="0">(uri) http://viaf.org/viaf/sourceID/LC|no2021094434</subfield></datafield><datafield tag="245" ind1="1" ind2="0"><subfield code="a">EPA audits of state and local inspection/maintenance programs /</subfield><subfield code="c">by Philip A. Lorang, Jane A. Armstrong, John M. Cabaniss, Jr.</subfield></datafield><datafield tag="264" ind1=" " ind2="1"><subfield code="a">[Ann Arbor, Mich.] :</subfield><subfield code="b">U.S. Environmental Protection Agency, Office of Air and Radiation, Office of Mobile Sources, Emission Control Technology Division, Technical Support Staff,</subfield><subfield code="c">1987.</subfield></datafield><datafield tag="300" ind1=" " ind2=" "><subfield code="a">1 online resource (9 unnumbered pages)</subfield></datafield><datafield tag="336" ind1=" " ind2=" "><subfield code="a">text</subfield><subfield code="b">txt</subfield><subfield code="2">rdacontent</subfield></datafield><datafield tag="337" ind1=" " ind2=" "><subfield code="a">computer</subfield><subfield code="b">c</subfield><subfield code="2">rdamedia</subfield></datafield><datafield tag="338" ind1=" " ind2=" "><subfield code="a">online resource</subfield><subfield code="b">cr</subfield><subfield code="2">rdacarrier</subfield></datafield><datafield tag="538" ind1=" " ind2=" "><subfield code="a">Mode of access: Internet</subfield></datafield><datafield tag="588" ind1=" " ind2=" "><subfield code="a">Description based on online resource; title from PDF title screen (EPA web site, viewed on May 19, 2020).</subfield></datafield><datafield tag="500" ind1=" " ind2=" "><subfield code="a">"EPA-AA-TSS-I/M-85-09."</subfield></datafield><datafield tag="500" ind1=" " ind2=" "><subfield code="a">"This paper was presented at 78th Annual Meeting and Exhibition of the Air Pollution Control Association in Detroit, Michigan, on June 18, 1985."</subfield></datafield><datafield tag="650" ind1=" " ind2="0"><subfield code="a">Automobiles</subfield><subfield code="x">Inspection</subfield><subfield code="z">United States</subfield><subfield code="x">States.</subfield><subfield code="0">(uri) http://id.loc.gov/authorities/subjects/sh85010201</subfield></datafield><datafield tag="650" ind1=" " ind2="0"><subfield code="a">Automobiles</subfield><subfield code="x">Pollution control devices</subfield><subfield code="x">Maintenance and repair.</subfield><subfield code="0">(uri) http://id.loc.gov/authorities/subjects/sh85010201</subfield></datafield><datafield tag="650" ind1=" " ind2="0"><subfield code="a">Automobiles</subfield><subfield code="x">Pollution control devices</subfield><subfield code="x">Inspection.</subfield><subfield code="0">(uri) http://id.loc.gov/authorities/subjects/sh85010201</subfield></datafield><datafield tag="700" ind1="1" ind2=" "><subfield code="a">Armstrong, Jane A.,</subfield><subfield code="e">author.</subfield></datafield><datafield tag="700" ind1="1" ind2=" "><subfield code="a">Cabaniss, John M., Jr.,</subfield><subfield code="e">author.</subfield></datafield><datafield tag="710" ind1="1" ind2=" "><subfield code="a">United States.</subfield><subfield code="b">Environmental Protection Agency.</subfield><subfield code="b">Office of Mobile Sources.</subfield><subfield code="e">issuing body.</subfield><subfield code="0">(uri) http://id.loc.gov/authorities/names/n85087673</subfield><subfield code="0">(uri) http://viaf.org/viaf/sourceID/LC|n85087673</subfield></datafield><datafield tag="776" ind1="0" ind2="8"><subfield code="i">Print version:</subfield><subfield code="a">Cabaniss, John M.</subfield><subfield code="t">EPA audits of state and local inspection/maintenance programs</subfield><subfield code="w">(OCoLC)773610649</subfield></datafield><datafield tag="856" ind1="4" ind2="0"><subfield code="u">https://purl.fdlp.gov/GPO/gpo138083</subfield></datafield><datafield tag="958" ind1=" " ind2=" "><subfield code="a">MiU</subfield></datafield><datafield tag="995" ind1=" " ind2=" "><subfield code="a">20</subfield></datafield><datafield tag="BIB" ind1=" " ind2=" "><subfield code="u">2021-08-21 04:37:08 US/Eastern</subfield><subfield code="c">2021-06-21 17:44:48 US/Eastern</subfield></datafield><datafield tag="E56" ind1=" " ind2=" "><subfield code="l">ELEC</subfield><subfield code="t">static</subfield><subfield code="u">https://na04.alma.exlibrisgroup.com/view/uresolver/01UMICH_INST/openurl?u.ignore_date_coverage=true&amp;portfolio_pid=531041521030006381&amp;Force_direct=true</subfield><subfield code="v">https://umich.alma.exlibrisgroup.com/view/uresolver/01UMICH_INST/openurl?&amp;rfr_id=info:sid/primo.exlibrisgroup.com&amp;svc_dat=CTO?u.ignore_date_coverage=true?u.ignore_date_coverage=true&amp;rft.mms_id=990180841530106381</subfield><subfield code="q">true</subfield><subfield code="s">Available</subfield><subfield code="8">531041521030006381</subfield></datafield></record>