<record><leader>00000njm a2200601Ka 4500</leader><controlfield tag="005">20140321231400.0</controlfield><controlfield tag="006">m        h        </controlfield><controlfield tag="007">sz zunnnnnuneu</controlfield><controlfield tag="007">cr nnannnuuuuu</controlfield><controlfield tag="008">120928s2006    it munn o         n zxx d</controlfield><controlfield tag="001">990127814820106381</controlfield><datafield tag="035" ind1=" " ind2=" "><subfield code="a">(MiU)012781482MIU01</subfield></datafield><datafield tag="024" ind1="0" ind2=" "><subfield code="a">ITI890600001</subfield></datafield><datafield tag="024" ind1="0" ind2=" "><subfield code="a">ITI890600002</subfield></datafield><datafield tag="024" ind1="0" ind2=" "><subfield code="a">ITI890600003</subfield></datafield><datafield tag="024" ind1="0" ind2=" "><subfield code="a">ITI890600004</subfield></datafield><datafield tag="024" ind1="0" ind2=" "><subfield code="a">ITI890600005</subfield></datafield><datafield tag="024" ind1="0" ind2=" "><subfield code="a">ITI890600006</subfield></datafield><datafield tag="024" ind1="0" ind2=" "><subfield code="a">ITI890600007</subfield></datafield><datafield tag="024" ind1="0" ind2=" "><subfield code="a">ITI890600008</subfield></datafield><datafield tag="024" ind1="0" ind2=" "><subfield code="a">ITI890600009</subfield></datafield><datafield tag="024" ind1="0" ind2=" "><subfield code="a">ITI890600010</subfield></datafield><datafield tag="024" ind1="0" ind2=" "><subfield code="a">ITI890600011</subfield></datafield><datafield tag="024" ind1="0" ind2=" "><subfield code="a">ITI890600012</subfield></datafield><datafield tag="024" ind1="0" ind2=" "><subfield code="a">ITI890600013</subfield></datafield><datafield tag="028" ind1="0" ind2="2"><subfield code="a">CD2033</subfield><subfield code="b">Concerto</subfield></datafield><datafield tag="033" ind1="0" ind2="0"><subfield code="a">2006----</subfield></datafield><datafield tag="035" ind1=" " ind2=" "><subfield code="a">(Naxos)naxosoclc 811333883</subfield></datafield><datafield tag="035" ind1=" " ind2=" "><subfield code="a">(OCoLC)ocn811333883</subfield><subfield code="0">(uri) http://www.worldcat.org/oclc/811333883</subfield></datafield><datafield tag="040" ind1=" " ind2=" "><subfield code="a">NAXOS</subfield><subfield code="c">NAXOS</subfield><subfield code="d">MiU</subfield></datafield><datafield tag="045" ind1="1" ind2=" "><subfield code="b">d2004</subfield><subfield code="b">d2002</subfield><subfield code="b">d2003</subfield></datafield><datafield tag="047" ind1=" " ind2=" "><subfield code="a">sn</subfield><subfield code="a">ft</subfield></datafield><datafield tag="048" ind1=" " ind2=" "><subfield code="a">tb01</subfield></datafield><datafield tag="100" ind1="1" ind2=" "><subfield code="a">Gilardino, Angelo.</subfield><subfield code="0">(uri) http://id.loc.gov/authorities/names/nr92013653</subfield><subfield code="0">(uri) http://viaf.org/viaf/sourceID/LC|nr92013653</subfield></datafield><datafield tag="245" ind1="1" ind2="0"><subfield code="a">Opere per chitarra (2002-2004)</subfield><subfield code="h">[electronic resource] /</subfield><subfield code="c">Angelo Gilardino.</subfield></datafield><datafield tag="246" ind1="1" ind2=" "><subfield code="i">Title on container spine:</subfield><subfield code="a">Works for guitar (2002-2004)</subfield></datafield><datafield tag="260" ind1=" " ind2=" "><subfield code="a">[Italy] :</subfield><subfield code="b">Concerto,</subfield><subfield code="c">p2006.</subfield></datafield><datafield tag="300" ind1=" " ind2=" "><subfield code="a">1 online resource (1 sound file).</subfield></datafield><datafield tag="511" ind1="0" ind2=" "><subfield code="a">Giulio Tampalini, guitar.</subfield></datafield><datafield tag="518" ind1=" " ind2=" "><subfield code="a">Recorded 2006, at Bartók Studio.</subfield></datafield><datafield tag="505" ind1="0" ind2=" "><subfield code="a">Sonata del Guadalquivir. Memorias ; Leyendas ; Lejanías -- Colloquio con Andrés Segovia -- Sonata Mediterranea. Cipressi ; Ninna nanna ; Pini sul mare -- Tríptico de las visiones. Lejano y legendario ; Mistico y profundo ; Tibio y luminoso -- Catskill Pond : a fantasy-sonatina for guitar. Trees ; Heavens ; Waters .</subfield></datafield><datafield tag="588" ind1=" " ind2=" "><subfield code="a">Description based on hard copy version record.</subfield></datafield><datafield tag="650" ind1=" " ind2="0"><subfield code="a">Guitar music.</subfield><subfield code="0">(uri) http://id.loc.gov/authorities/subjects/sh85057830</subfield></datafield><datafield tag="650" ind1=" " ind2="0"><subfield code="a">Sonatas (Guitar)</subfield><subfield code="0">(uri) http://id.loc.gov/authorities/subjects/sh85124881</subfield></datafield><datafield tag="655" ind1=" " ind2="4"><subfield code="a">Downloadable audio file.</subfield></datafield><datafield tag="700" ind1="1" ind2=" "><subfield code="a">Tampalini, Giulio,</subfield><subfield code="d">1971-</subfield><subfield code="4">itr</subfield><subfield code="0">(uri) http://id.loc.gov/authorities/names/no2010030947</subfield><subfield code="0">(uri) http://viaf.org/viaf/sourceID/LC|no2010030947</subfield></datafield><datafield tag="700" ind1="1" ind2="2"><subfield code="a">Gilardino, Angelo.</subfield><subfield code="t">Sonata del Guadalquivir.</subfield><subfield code="0">(uri) http://id.loc.gov/authorities/names/n2015018356</subfield><subfield code="0">(uri) http://viaf.org/viaf/sourceID/LC|n2015018356</subfield></datafield><datafield tag="700" ind1="1" ind2="2"><subfield code="a">Gilardino, Angelo.</subfield><subfield code="t">Colloquio con Andrés Segovia.</subfield><subfield code="0">(uri) http://id.loc.gov/authorities/names/no2017143906</subfield><subfield code="0">(uri) http://viaf.org/viaf/sourceID/LC|no2017143906</subfield></datafield><datafield tag="700" ind1="1" ind2="2"><subfield code="a">Gilardino, Angelo.</subfield><subfield code="t">Sonata Mediterranea.</subfield><subfield code="0">(uri) http://id.loc.gov/authorities/names/n2021044505</subfield><subfield code="0">(uri) http://viaf.org/viaf/sourceID/LC|n2021044505</subfield></datafield><datafield tag="700" ind1="1" ind2="2"><subfield code="a">Gilardino, Angelo.</subfield><subfield code="t">Triptico de las visiones.</subfield><subfield code="0">(uri) http://id.loc.gov/authorities/names/n2021044510</subfield><subfield code="0">(uri) http://viaf.org/viaf/sourceID/LC|n2021044510</subfield></datafield><datafield tag="700" ind1="1" ind2="2"><subfield code="a">Gilardino, Angelo.</subfield><subfield code="t">Catskill Pond.</subfield><subfield code="0">(uri) http://id.loc.gov/authorities/names/n2021044516</subfield><subfield code="0">(uri) http://viaf.org/viaf/sourceID/LC|n2021044516</subfield></datafield><datafield tag="730" ind1="0" ind2=" "><subfield code="a">Naxos music library.</subfield></datafield><datafield tag="776" ind1="0" ind2="8"><subfield code="i">Source record:</subfield><subfield code="a">Gilardino, Angelo.</subfield><subfield code="t">Opere per chitarra (2002-2004).</subfield><subfield code="d">[Italy] : Concerto, p2006</subfield><subfield code="w">(OCoLC)707494456</subfield></datafield><datafield tag="856" ind1="4" ind2="0"><subfield code="z">Access to the Naxos Music Library online version restricted; authentication may be required:</subfield><subfield code="u">http://umich.NaxosMusicLibrary.com/catalogue/item.asp?cid=CD2033</subfield><subfield code="m">Naxos Music Library</subfield></datafield><datafield tag="997" ind1=" " ind2=" "><subfield code="a">MARS</subfield></datafield><datafield tag="998" ind1=" " ind2=" "><subfield code="c">naxosoclc-dld ERLoad20140321</subfield></datafield><datafield tag="958" ind1=" " ind2=" "><subfield code="a">MiU</subfield></datafield><datafield tag="969" ind1="8" ind2="8"><subfield code="a">incoming 001</subfield><subfield code="b">ocn811333883</subfield><subfield code="c">incoming 003</subfield><subfield code="d">OCoLC</subfield><subfield code="e">naxosoclc_14a</subfield></datafield><datafield tag="995" ind1=" " ind2=" "><subfield code="a">20</subfield></datafield><datafield tag="BIB" ind1=" " ind2=" "><subfield code="u">2021-08-21 04:37:00 US/Eastern</subfield><subfield code="c">2021-06-21 18:10:53 US/Eastern</subfield></datafield><datafield tag="E56" ind1=" " ind2=" "><subfield code="m">Naxos Music Library</subfield><subfield code="l">ELEC</subfield><subfield code="t">static</subfield><subfield code="u">https://na04.alma.exlibrisgroup.com/view/uresolver/01UMICH_INST/openurl?u.ignore_date_coverage=true&amp;portfolio_pid=531042513670006381&amp;Force_direct=true</subfield><subfield code="v">https://umich.alma.exlibrisgroup.com/view/uresolver/01UMICH_INST/openurl?&amp;rfr_id=info:sid/primo.exlibrisgroup.com&amp;svc_dat=CTO?u.ignore_date_coverage=true?u.ignore_date_coverage=true&amp;rft.mms_id=990127814820106381</subfield><subfield code="z">Access to the Naxos Music Library online version restricted; authentication may be required:</subfield><subfield code="q">true</subfield><subfield code="s">Available</subfield><subfield code="8">531042513670006381</subfield></datafield></record>