<record><leader>     nam a22004093a 4500</leader><controlfield tag="006">m        d        </controlfield><controlfield tag="007">cr||n|||||||||</controlfield><controlfield tag="008">110513s2011    nyua    o     000 0 eng d</controlfield><controlfield tag="001">990162726960106381</controlfield><datafield tag="035" ind1=" " ind2=" "><subfield code="a">(MiU)016272696MIU01</subfield></datafield><datafield tag="020" ind1=" " ind2=" "><subfield code="a">9781613210079</subfield><subfield code="q">(alk. paper)</subfield></datafield><datafield tag="020" ind1=" " ind2=" "><subfield code="a">9781613215647</subfield><subfield code="q">(Proquest Ebook Central)</subfield></datafield><datafield tag="035" ind1=" " ind2=" "><subfield code="a">(MiAaPQ)EBC1320702</subfield></datafield><datafield tag="035" ind1=" " ind2=" "><subfield code="a">(MiAaPQ)ebcentowned EBC1320702</subfield></datafield><datafield tag="035" ind1=" " ind2=" "><subfield code="a">(OCoLC)854976695</subfield><subfield code="0">(uri) http://www.worldcat.org/oclc/854976695</subfield></datafield><datafield tag="035" ind1=" " ind2=" "><subfield code="a">(coutts)cts21681763</subfield></datafield><datafield tag="037" ind1=" " ind2=" "><subfield code="a">1320702</subfield><subfield code="b">Proquest Ebook Central</subfield></datafield><datafield tag="040" ind1=" " ind2=" "><subfield code="a">CaONFJC</subfield><subfield code="c">CaONFJC</subfield></datafield><datafield tag="043" ind1=" " ind2=" "><subfield code="a">n-us-al</subfield></datafield><datafield tag="050" ind1="0" ind2="4"><subfield code="a">GV958.A4</subfield><subfield code="b">H54 2011eb</subfield></datafield><datafield tag="082" ind1="0" ind2="4"><subfield code="a">796.332/630976184</subfield><subfield code="2">23</subfield></datafield><datafield tag="100" ind1="1" ind2=" "><subfield code="a">Hicks, Tommy,</subfield><subfield code="d">1954-</subfield><subfield code="0">(uri) http://id.loc.gov/authorities/names/n2006044946</subfield><subfield code="0">(uri) http://viaf.org/viaf/sourceID/LC|n2006044946</subfield></datafield><datafield tag="245" ind1="1" ind2="0"><subfield code="a">Game of my life Alabama</subfield><subfield code="h">[electronic resource] :</subfield><subfield code="b">memorable stories of Crimson Tide football /</subfield><subfield code="c">by Tommy Hicks.</subfield></datafield><datafield tag="260" ind1=" " ind2=" "><subfield code="a">New York :</subfield><subfield code="b">Sports Pub.,</subfield><subfield code="c">c2011.</subfield></datafield><datafield tag="300" ind1=" " ind2=" "><subfield code="a">1 online resource (xiv, 249 p.) :</subfield><subfield code="b">ill.</subfield></datafield><datafield tag="336" ind1=" " ind2=" "><subfield code="a">text</subfield><subfield code="b">txt</subfield><subfield code="2">rdacontent</subfield></datafield><datafield tag="337" ind1=" " ind2=" "><subfield code="a">computer</subfield><subfield code="b">c</subfield><subfield code="2">rdamedia</subfield></datafield><datafield tag="338" ind1=" " ind2=" "><subfield code="a">online resource</subfield><subfield code="b">cr</subfield><subfield code="2">rdacarrier</subfield></datafield><datafield tag="588" ind1=" " ind2=" "><subfield code="a">Description based on print version record.</subfield></datafield><datafield tag="610" ind1="2" ind2="0"><subfield code="a">Alabama Crimson Tide (Football team)</subfield><subfield code="x">History.</subfield><subfield code="0">(uri) http://id.loc.gov/authorities/names/n90646597</subfield><subfield code="0">(uri) http://viaf.org/viaf/sourceID/LC|n90646597</subfield></datafield><datafield tag="610" ind1="2" ind2="0"><subfield code="a">University of Alabama</subfield><subfield code="x">Football</subfield><subfield code="x">History.</subfield><subfield code="0">(uri) http://id.loc.gov/authorities/names/n79139264</subfield><subfield code="0">(uri) http://viaf.org/viaf/sourceID/LC|n79139264</subfield></datafield><datafield tag="655" ind1=" " ind2="7"><subfield code="a">Electronic books.</subfield><subfield code="2">local</subfield></datafield><datafield tag="730" ind1="0" ind2=" "><subfield code="a">Ebook Central.</subfield></datafield><datafield tag="856" ind1="4" ind2="0"><subfield code="z">Access to the Ebook Central online version restricted; authentication may be required:</subfield><subfield code="u">https://ebookcentral.proquest.com/lib/umichigan/detail.action?docID=1320702</subfield><subfield code="m">Ebook Central</subfield></datafield><datafield tag="958" ind1=" " ind2=" "><subfield code="a">MiU</subfield></datafield><datafield tag="958" ind1=" " ind2=" "><subfield code="a">MiFliC</subfield></datafield><datafield tag="937" ind1=" " ind2=" "><subfield code="a">21681763</subfield></datafield><datafield tag="955" ind1="6" ind2=" "><subfield code="a">MiU</subfield><subfield code="b">ELEC</subfield><subfield code="c"></subfield><subfield code="h">See URL for access</subfield><subfield code="z">016272696</subfield></datafield><datafield tag="980" ind1=" " ind2=" "><subfield code="e">47.40</subfield><subfield code="f">21681763</subfield></datafield><datafield tag="995" ind1=" " ind2=" "><subfield code="a">20</subfield></datafield><datafield tag="BIB" ind1=" " ind2=" "><subfield code="u">2021-08-21 04:36:58 US/Eastern</subfield><subfield code="c">2021-06-21 10:07:32 US/Eastern</subfield></datafield><datafield tag="E56" ind1=" " ind2=" "><subfield code="m">Ebook Central</subfield><subfield code="l">ELEC</subfield><subfield code="t">static</subfield><subfield code="u">https://na04.alma.exlibrisgroup.com/view/uresolver/01UMICH_INST/openurl?u.ignore_date_coverage=true&amp;portfolio_pid=531042511680006381&amp;Force_direct=true</subfield><subfield code="v">https://umich.alma.exlibrisgroup.com/view/uresolver/01UMICH_INST/openurl?&amp;rfr_id=info:sid/primo.exlibrisgroup.com&amp;svc_dat=CTO?u.ignore_date_coverage=true?u.ignore_date_coverage=true&amp;rft.mms_id=990162726960106381</subfield><subfield code="z">Access to the Ebook Central online version restricted; authentication may be required:</subfield><subfield code="q">true</subfield><subfield code="s">Available</subfield><subfield code="8">531042511680006381</subfield></datafield></record>