<record><leader>03225nam  22005534a 4500</leader><controlfield tag="001">99187286433606381</controlfield><controlfield tag="005">20210820193339.0</controlfield><controlfield tag="006">m     o  d |      </controlfield><controlfield tag="007">cr#cn|||||||||</controlfield><controlfield tag="008">060227s2006    caua    ob    000 0 eng  </controlfield><datafield tag="010" ind1=" " ind2=" "><subfield code="z">  2006007106</subfield></datafield><datafield tag="020" ind1=" " ind2=" "><subfield code="a">0-8330-4110-X</subfield></datafield><datafield tag="020" ind1=" " ind2=" "><subfield code="a">1-4337-0958-9</subfield></datafield><datafield tag="035" ind1=" " ind2=" "><subfield code="a">(CKB)1000000000345700</subfield></datafield><datafield tag="035" ind1=" " ind2=" "><subfield code="a">(EBL)300526</subfield></datafield><datafield tag="035" ind1=" " ind2=" "><subfield code="a">(OCoLC)476078254</subfield><subfield code="0">(uri) http://www.worldcat.org/oclc/476078254</subfield></datafield><datafield tag="035" ind1=" " ind2=" "><subfield code="a">(SSID)ssj0000282451</subfield></datafield><datafield tag="035" ind1=" " ind2=" "><subfield code="a">(PQKBManifestationID)11233203</subfield></datafield><datafield tag="035" ind1=" " ind2=" "><subfield code="a">(PQKBTitleCode)TC0000282451</subfield></datafield><datafield tag="035" ind1=" " ind2=" "><subfield code="a">(PQKBWorkID)10317220</subfield></datafield><datafield tag="035" ind1=" " ind2=" "><subfield code="a">(PQKB)10984193</subfield></datafield><datafield tag="035" ind1=" " ind2=" "><subfield code="a">(MiAaPQ)EBC300526</subfield></datafield><datafield tag="035" ind1=" " ind2=" "><subfield code="a">(Au-PeEL)EBL300526</subfield></datafield><datafield tag="035" ind1=" " ind2=" "><subfield code="a">(CaPaEBR)ebr10152631</subfield></datafield><datafield tag="035" ind1=" " ind2=" "><subfield code="a">(EXLCZ)991000000000345700</subfield></datafield><datafield tag="040" ind1=" " ind2=" "><subfield code="a">MiAaPQ</subfield><subfield code="c">MiAaPQ</subfield><subfield code="d">MiAaPQ</subfield></datafield><datafield tag="041" ind1=" " ind2=" "><subfield code="a">eng</subfield></datafield><datafield tag="050" ind1=" " ind2="4"><subfield code="a">U241</subfield><subfield code="b">.L66 2006</subfield></datafield><datafield tag="082" ind1="0" ind2="4"><subfield code="a">355.02/18</subfield><subfield code="2">22</subfield></datafield><datafield tag="100" ind1="1" ind2=" "><subfield code="a">Long, Austin G.</subfield><subfield code="0">(uri) http://id.loc.gov/authorities/names/nr2007012740</subfield><subfield code="0">(uri) http://viaf.org/viaf/sourceID/LC|nr2007012740</subfield></datafield><datafield tag="245" ind1="1" ind2="0"><subfield code="a">On "other war"</subfield><subfield code="h">[electronic resource] :</subfield><subfield code="b">lessons from five decades of RAND counterinsurgency research /</subfield><subfield code="c">Austin Long.</subfield></datafield><datafield tag="260" ind1=" " ind2=" "><subfield code="a">Santa Monica, CA :</subfield><subfield code="b">RAND, National Defense Research Institute,</subfield><subfield code="c">2006.</subfield></datafield><datafield tag="300" ind1=" " ind2=" "><subfield code="a">1 online resource (120 p.)</subfield></datafield><datafield tag="336" ind1=" " ind2=" "><subfield code="a">text</subfield><subfield code="b">txt</subfield></datafield><datafield tag="337" ind1=" " ind2=" "><subfield code="a">computer</subfield><subfield code="b">c</subfield></datafield><datafield tag="338" ind1=" " ind2=" "><subfield code="a">online resource</subfield><subfield code="b">cr</subfield></datafield><datafield tag="505" ind1="0" ind2=" "><subfield code="a">Preface; Contents; Figures; Summary; Acknowledgments; Abbreviations; CHAPTER ONE- Introduction; CHAPTER TWO- The Wizards of Less-Than-Armageddon: RAND and COIN; CHAPTER THREE- Analogies and War: Are Theory and Empirics from Prior COIN Relevant?; CHAPTER FOUR- COIN Theory: What Are Insurgencies and How Does One Fight Them?; "Hearts and Minds" Theory: COIN as a Problem of Modernization; Cost/Benefit Theory: Carrots and Sticks for the Rational Peasant; Critiques of Cost/Benefit: Ratcheted Escalation and Marginal Costs; Moving COIN Theory Forward: Is Synthesis Possible?</subfield></datafield><datafield tag="505" ind1="8" ind2=" "><subfield code="a">CHAPTER FIVE- The Social Scientists' Wars: RAND and COIN Practice Indicators in COIN; COIN Organization; Amnesty and Reward: Catching More Flies with Honey; Border Security: Morice and McNamara: A Tale of Two Lines; Pacification: All Politics Is Local; CHAPTER SIX- COIN Old and New; Organizing for COIN: Breaking the Interagency Phalanx; Open Arms, Open Wallets: Amnesty and Reward; The Khalilzad Lines? Border Security in Iraq and Afghanistan; An End to Streets Without Joy: Security, Development,and Pacification; Conclusion: Back to the Future?</subfield></datafield><datafield tag="505" ind1="8" ind2=" "><subfield code="a">APPENDIX- RAND Counterinsurgency Publications,1955-1995: Selected Annotated Bibliography References</subfield></datafield><datafield tag="520" ind1=" " ind2=" "><subfield code="a">The term "other war" arose in Vietnam to differentiate pacification operations from the "real war" of conventional search-and-destroy operations. On "Other War" provides an invaluable aid to understanding and developing successful responses to modern counterinsurgency challenges through the lens of experience.</subfield></datafield><datafield tag="546" ind1=" " ind2=" "><subfield code="a">English</subfield></datafield><datafield tag="500" ind1=" " ind2=" "><subfield code="a">"Prepared for the Office of the Secretary of Defense."</subfield></datafield><datafield tag="500" ind1=" " ind2=" "><subfield code="a">"MG-482-OSD"--P. [4] of cover.</subfield></datafield><datafield tag="504" ind1=" " ind2=" "><subfield code="a">Includes bibliographical references (p. 85-101).</subfield></datafield><datafield tag="650" ind1=" " ind2="0"><subfield code="a">Counterinsurgency.</subfield><subfield code="0">(uri) http://id.loc.gov/authorities/subjects/sh85033442</subfield></datafield><datafield tag="655" ind1=" " ind2="4"><subfield code="a">Electronic books.</subfield></datafield><datafield tag="710" ind1="1" ind2=" "><subfield code="a">United States.</subfield><subfield code="b">Dept. of Defense.</subfield><subfield code="0">(uri) http://id.loc.gov/authorities/names/n79021946</subfield><subfield code="0">(uri) http://viaf.org/viaf/sourceID/LC|n79021946</subfield></datafield><datafield tag="710" ind1="2" ind2=" "><subfield code="a">National Defense Research Institute (U.S.)</subfield><subfield code="0">(uri) http://id.loc.gov/authorities/names/n91060525</subfield><subfield code="0">(uri) http://viaf.org/viaf/sourceID/LC|n91060525</subfield></datafield><datafield tag="776" ind1=" " ind2=" "><subfield code="z">0-8330-3926-1</subfield><subfield code="0">(uri) http://www.isbnsearch.org/isbn/0-8330-3926-1</subfield></datafield><datafield tag="906" ind1=" " ind2=" "><subfield code="a">BOOK</subfield></datafield><datafield tag="BIB" ind1=" " ind2=" "><subfield code="u">2021-08-21 04:41:24 US/Eastern</subfield><subfield code="c">2012-02-25 19:32:33 US/Eastern</subfield></datafield><datafield tag="E56" ind1=" " ind2=" "><subfield code="m">JSTOR</subfield><subfield code="n">JSTOR Books Open Access</subfield><subfield code="t">param</subfield><subfield code="u">https://na04.alma.exlibrisgroup.com/view/uresolver/01UMICH_INST/openurl?u.ignore_date_coverage=true&amp;portfolio_pid=531083668030006381&amp;Force_direct=true</subfield><subfield code="v">https://umich.alma.exlibrisgroup.com/view/uresolver/01UMICH_INST/openurl?&amp;rfr_id=info:sid/primo.exlibrisgroup.com&amp;svc_dat=CTO?u.ignore_date_coverage=true?u.ignore_date_coverage=true&amp;rft.mms_id=99187286433606381</subfield><subfield code="q">true</subfield><subfield code="s">Available</subfield><subfield code="8">531083668030006381</subfield></datafield><datafield tag="E56" ind1=" " ind2=" "><subfield code="m">Ebook Central</subfield><subfield code="n">Ebook Central Perpetual, DDA and Subscription Titles</subfield><subfield code="t">param</subfield><subfield code="u">https://na04.alma.exlibrisgroup.com/view/uresolver/01UMICH_INST/openurl?u.ignore_date_coverage=true&amp;portfolio_pid=531144485900006381&amp;Force_direct=true</subfield><subfield code="v">https://umich.alma.exlibrisgroup.com/view/uresolver/01UMICH_INST/openurl?&amp;rfr_id=info:sid/primo.exlibrisgroup.com&amp;svc_dat=CTO?u.ignore_date_coverage=true?u.ignore_date_coverage=true&amp;rft.mms_id=99187286433606381</subfield><subfield code="q">true</subfield><subfield code="s">Available</subfield><subfield code="8">531144485900006381</subfield></datafield><datafield tag="E56" ind1=" " ind2=" "><subfield code="m">EBSCOhost</subfield><subfield code="n">EBSCOhost Academic eBook Collection (North America)</subfield><subfield code="t">param</subfield><subfield code="u">https://na04.alma.exlibrisgroup.com/view/uresolver/01UMICH_INST/openurl?u.ignore_date_coverage=true&amp;portfolio_pid=531109568560006381&amp;Force_direct=true</subfield><subfield code="v">https://umich.alma.exlibrisgroup.com/view/uresolver/01UMICH_INST/openurl?&amp;rfr_id=info:sid/primo.exlibrisgroup.com&amp;svc_dat=CTO?u.ignore_date_coverage=true?u.ignore_date_coverage=true&amp;rft.mms_id=99187286433606381</subfield><subfield code="q">true</subfield><subfield code="s">Available</subfield><subfield code="8">531109568560006381</subfield></datafield></record>