<record><leader>00000cam a2200469Ia 4500</leader><controlfield tag="005">20200318151522.0</controlfield><controlfield tag="008">871215s1980    ja ab    b    001 0 jpnr </controlfield><controlfield tag="001">990021149750106381</controlfield><datafield tag="035" ind1=" " ind2=" "><subfield code="a">(MiU)002114975MIU01</subfield></datafield><datafield tag="010" ind1=" " ind2=" "><subfield code="a">82804561</subfield></datafield><datafield tag="015" ind1=" " ind2=" "><subfield code="a">Ja81-10754</subfield><subfield code="2">dnb</subfield></datafield><datafield tag="016" ind1="7" ind2=" "><subfield code="a">BN00262920</subfield><subfield code="2">JP-ToKJK</subfield></datafield><datafield tag="016" ind1="7" ind2=" "><subfield code="a">016404867</subfield><subfield code="2">Uk</subfield></datafield><datafield tag="019" ind1=" " ind2=" "><subfield code="a">259906765</subfield><subfield code="a">1064406948</subfield></datafield><datafield tag="020" ind1=" " ind2=" "><subfield code="a">4130830139</subfield><subfield code="0">(uri) http://www.isbnsearch.org/isbn/4130830139</subfield></datafield><datafield tag="020" ind1=" " ind2=" "><subfield code="a">9784130830133</subfield><subfield code="0">(uri) http://www.isbnsearch.org/isbn/9784130830133</subfield></datafield><datafield tag="035" ind1=" " ind2=" "><subfield code="a">(CaOTULAS)176984530</subfield></datafield><datafield tag="035" ind1=" " ind2=" "><subfield code="a">(SAZTEC)C14507540</subfield></datafield><datafield tag="035" ind1=" " ind2=" "><subfield code="a">(OCoLC)ocm17240296</subfield><subfield code="0">(uri) http://www.worldcat.org/oclc/17240296</subfield></datafield><datafield tag="035" ind1=" " ind2=" "><subfield code="a">(OCoLC)17240296</subfield><subfield code="z">(OCoLC)259906765</subfield><subfield code="z">(OCoLC)1064406948</subfield><subfield code="0">(uri) http://www.worldcat.org/oclc/17240296</subfield><subfield code="0">(uri) http://www.worldcat.org/oclc/259906765</subfield><subfield code="0">(uri) http://www.worldcat.org/oclc/1064406948</subfield></datafield><datafield tag="040" ind1=" " ind2=" "><subfield code="a">DLC</subfield><subfield code="b">eng</subfield><subfield code="c">OSU</subfield><subfield code="d">OSU</subfield><subfield code="d">GEBAY</subfield><subfield code="d">UKMGB</subfield><subfield code="d">OCLCF</subfield><subfield code="d">OCLCQ</subfield><subfield code="d">OCLCO</subfield><subfield code="d">DEBBG</subfield><subfield code="d">OCLCQ</subfield><subfield code="d">SISJO</subfield><subfield code="d">YUS</subfield></datafield><datafield tag="050" ind1=" " ind2="0"><subfield code="a">PL2419.G45</subfield><subfield code="b">T34 1980</subfield></datafield><datafield tag="084" ind1=" " ind2=" "><subfield code="a">KK384</subfield><subfield code="q">JTNDL</subfield><subfield code="2">kktb</subfield></datafield><datafield tag="100" ind1="1" ind2=" "><subfield code="6">880-01</subfield><subfield code="a">Takeda, Akira,</subfield><subfield code="d">1930-</subfield><subfield code="0">http://id.loc.gov/authorities/names/n80070816</subfield><subfield code="1">http://viaf.org/viaf/24753137</subfield><subfield code="0">(uri) http://id.loc.gov/authorities/names/n80070816</subfield><subfield code="0">(uri) http://viaf.org/viaf/sourceID/LC|n80070816</subfield></datafield><datafield tag="245" ind1="1" ind2="0"><subfield code="6">880-02</subfield><subfield code="a">Chūgoku no yūrei :</subfield><subfield code="b">kaii o kataru dentō /</subfield><subfield code="c">Takeda Akira.</subfield></datafield><datafield tag="250" ind1=" " ind2=" "><subfield code="6">880-03</subfield><subfield code="a">Shohan.</subfield></datafield><datafield tag="260" ind1=" " ind2=" "><subfield code="6">880-04</subfield><subfield code="a">Tōkyō :</subfield><subfield code="b">Tōkyō Daigaku Shuppankai,</subfield><subfield code="c">1980.</subfield></datafield><datafield tag="300" ind1=" " ind2=" "><subfield code="a">vii, 232, iv pages :</subfield><subfield code="b">illustrations, map ;</subfield><subfield code="c">20 cm</subfield></datafield><datafield tag="336" ind1=" " ind2=" "><subfield code="a">text</subfield><subfield code="b">txt</subfield><subfield code="2">rdacontent</subfield></datafield><datafield tag="337" ind1=" " ind2=" "><subfield code="a">unmediated</subfield><subfield code="b">n</subfield><subfield code="2">rdamedia</subfield></datafield><datafield tag="338" ind1=" " ind2=" "><subfield code="a">volume</subfield><subfield code="b">nc</subfield><subfield code="2">rdacarrier</subfield></datafield><datafield tag="504" ind1=" " ind2=" "><subfield code="a">Includes bibliographical references and indexes.</subfield></datafield><datafield tag="650" ind1=" " ind2="0"><subfield code="a">Ghost stories, Chinese</subfield><subfield code="x">History and criticism.</subfield><subfield code="0">(uri) http://id.loc.gov/authorities/subjects/sh85054814</subfield></datafield><datafield tag="650" ind1=" " ind2="7"><subfield code="a">Ghost stories, Chinese.</subfield><subfield code="2">fast</subfield><subfield code="0">(OCoLC)fst00942405</subfield><subfield code="0">(uri) http://id.worldcat.org/fast/fst00942405</subfield></datafield><datafield tag="653" ind1=" " ind2=" "><subfield code="6">880-05</subfield><subfield code="a">Chūgokushōsetsu</subfield><subfield code="a">Rekishi</subfield></datafield><datafield tag="653" ind1=" " ind2=" "><subfield code="6">880-06</subfield><subfield code="a">Kaikibungaku</subfield></datafield><datafield tag="655" ind1=" " ind2="7"><subfield code="a">Criticism, interpretation, etc.</subfield><subfield code="2">fast</subfield><subfield code="0">(OCoLC)fst01411635</subfield><subfield code="0">(uri) http://id.worldcat.org/fast/fst01411635</subfield></datafield><datafield tag="776" ind1="0" ind2="8"><subfield code="i">Online version:</subfield><subfield code="a">Takeda, Akira, 1930-</subfield><subfield code="t">Chūgoku no yūrei.</subfield><subfield code="b">Shohan.</subfield><subfield code="d">Tōkyō : Tōkyō Daigaku Shuppankai, 1980</subfield><subfield code="w">(OCoLC)551357824</subfield></datafield><datafield tag="776" ind1="0" ind2="8"><subfield code="i">Online version:</subfield><subfield code="a">Takeda, Akira, 1930-</subfield><subfield code="t">Chūgoku no yūrei.</subfield><subfield code="b">Shohan.</subfield><subfield code="d">Tōkyō : Tōkyō Daigaku Shuppankai, 1980</subfield><subfield code="w">(OCoLC)609158481</subfield></datafield><datafield tag="880" ind1=" " ind2=" "><subfield code="6">020-00/</subfield><subfield code="a">4130830139</subfield><subfield code="0">(uri) http://www.isbnsearch.org/isbn/4130830139</subfield></datafield><datafield tag="880" ind1="1" ind2=" "><subfield code="6">100-01/</subfield><subfield code="a">竹田晃,</subfield><subfield code="d">1930-</subfield><subfield code="0">http://id.loc.gov/authorities/names/n80070816</subfield></datafield><datafield tag="880" ind1="1" ind2="0"><subfield code="6">245-02/</subfield><subfield code="a">中国の幽霊 :</subfield><subfield code="b">怪異を語る伝統 /</subfield><subfield code="c">竹田晃.</subfield></datafield><datafield tag="880" ind1=" " ind2=" "><subfield code="6">250-03/</subfield><subfield code="a">初版.</subfield></datafield><datafield tag="880" ind1=" " ind2=" "><subfield code="6">260-04/</subfield><subfield code="a">東京 :</subfield><subfield code="b">東京大学出版会,</subfield><subfield code="c">1980.</subfield></datafield><datafield tag="880" ind1=" " ind2=" "><subfield code="6">653-05/</subfield><subfield code="a">中国小説</subfield><subfield code="a">歴史.</subfield></datafield><datafield tag="880" ind1=" " ind2=" "><subfield code="6">653-06/</subfield><subfield code="a">怪奇文学.</subfield></datafield><datafield tag="880" ind1="1" ind2=" "><subfield code="6">700-00/</subfield><subfield code="a">竹田晃(1930-)</subfield></datafield><datafield tag="997" ind1=" " ind2=" "><subfield code="a">MARS</subfield></datafield><datafield tag="998" ind1=" " ind2=" "><subfield code="c">UTL</subfield><subfield code="s">9662</subfield></datafield><datafield tag="958" ind1=" " ind2=" "><subfield code="a">MiU</subfield></datafield><datafield tag="995" ind1=" " ind2=" "><subfield code="a">20</subfield></datafield><datafield tag="BIB" ind1=" " ind2=" "><subfield code="u">2021-08-21 04:35:31 US/Eastern</subfield><subfield code="c">2021-06-21 18:50:57 US/Eastern</subfield></datafield><datafield tag="852" ind1="0" ind2=" "><subfield code="b">HATCH</subfield><subfield code="a">MiU</subfield><subfield code="c">ASIA</subfield><subfield code="h">PL 2419 .G4 T13</subfield><subfield code="8">22982155760006381</subfield></datafield><datafield tag="974" ind1=" " ind2=" "><subfield code="8">22982155760006381</subfield><subfield code="f">1</subfield><subfield code="c">ASIA</subfield><subfield code="m">BOOK</subfield><subfield code="a">39015041811194</subfield><subfield code="e">ASIA</subfield><subfield code="u">mdp.39015041811194 ic 20201204</subfield><subfield code="7">23982155750006381</subfield><subfield code="p">01</subfield><subfield code="r">1998-03-20 10:59:00</subfield><subfield code="h">PL 2419 .G4 T13</subfield><subfield code="d">HATCH</subfield><subfield code="b">HATCH</subfield></datafield></record>