<record><leader>     nam a22004211  4500</leader><controlfield tag="005">19891207000000.0</controlfield><controlfield tag="008">891207m19031909pau           00100 engm </controlfield><controlfield tag="001">990015759530106381</controlfield><datafield tag="035" ind1=" " ind2=" "><subfield code="a">(MiU)001575953MIU01</subfield></datafield><datafield tag="010" ind1=" " ind2=" "><subfield code="a">03002683</subfield></datafield><datafield tag="035" ind1=" " ind2=" "><subfield code="a">(CaOTULAS)175803821</subfield></datafield><datafield tag="035" ind1=" " ind2=" "><subfield code="a">(SAZTEC)155707900</subfield></datafield><datafield tag="035" ind1=" " ind2=" "><subfield code="a">(OCoLC)ocm03377519</subfield><subfield code="0">(uri) http://www.worldcat.org/oclc/03377519</subfield></datafield><datafield tag="040" ind1=" " ind2=" "><subfield code="a">DLC</subfield><subfield code="c">ABC</subfield><subfield code="d">ABC</subfield><subfield code="d">m.c.</subfield><subfield code="d">MBB</subfield></datafield><datafield tag="050" ind1="0" ind2=" "><subfield code="a">R703</subfield><subfield code="b">.G68</subfield></datafield><datafield tag="100" ind1="1" ind2=" "><subfield code="a">Gould, George M.</subfield><subfield code="q">(George Milbry),</subfield><subfield code="d">1848-1922.</subfield><subfield code="0">(uri) http://id.loc.gov/authorities/names/n83829586</subfield><subfield code="0">(uri) http://viaf.org/viaf/sourceID/LC|n83829586</subfield></datafield><datafield tag="245" ind1="1" ind2="0"><subfield code="a">Biographic clinics.</subfield></datafield><datafield tag="260" ind1=" " ind2=" "><subfield code="a">Philadelphia,</subfield><subfield code="b">P. Blakiston's Son and Co.,</subfield><subfield code="c">1903-09.</subfield></datafield><datafield tag="300" ind1=" " ind2=" "><subfield code="a">6 v.</subfield><subfield code="b">illus., plates (1 fold.) ports.</subfield><subfield code="c">21 cm.</subfield></datafield><datafield tag="500" ind1=" " ind2=" "><subfield code="a">Includes references.</subfield></datafield><datafield tag="500" ind1=" " ind2=" "><subfield code="a">Partly reprinted from various periodicals.</subfield></datafield><datafield tag="505" ind1="0" ind2=" "><subfield code="a">[v. 1] The origin of the ill-health of De Quincey, Carlyle, Darwin, Huxley, and Browning.--v. 2. The origin of the ill-health of George Eliot, George Henry Lewes, Wagner, Parkman, Jane Welch [!] Carlyle, Spencer, Whittier, Margaret Fuller Ossoli, and Nietzsche.--v. 3-6. Essays concerning the influence of visual function pathologic and physiologic, upon the health of patients.</subfield></datafield><datafield tag="600" ind1="1" ind2="0"><subfield code="a">De Quincey, Thomas,</subfield><subfield code="d">1785-1859.</subfield><subfield code="0">(uri) http://id.loc.gov/authorities/names/n50001719</subfield><subfield code="0">(uri) http://viaf.org/viaf/sourceID/LC|n50001719</subfield></datafield><datafield tag="600" ind1="1" ind2="0"><subfield code="a">Carlyle, Thomas,</subfield><subfield code="d">1795-1881.</subfield><subfield code="0">(uri) http://id.loc.gov/authorities/names/n79022968</subfield><subfield code="0">(uri) http://viaf.org/viaf/sourceID/LC|n79022968</subfield></datafield><datafield tag="600" ind1="1" ind2="0"><subfield code="a">Darwin, Charles,</subfield><subfield code="d">1809-1882.</subfield><subfield code="0">(uri) http://id.loc.gov/authorities/names/n78095637</subfield><subfield code="0">(uri) http://viaf.org/viaf/sourceID/LC|n78095637</subfield></datafield><datafield tag="600" ind1="1" ind2="0"><subfield code="a">Huxley, Thomas Henry,</subfield><subfield code="d">1825-1895.</subfield><subfield code="0">(uri) http://id.loc.gov/authorities/names/n79095478</subfield><subfield code="0">(uri) http://viaf.org/viaf/sourceID/LC|n79095478</subfield></datafield><datafield tag="600" ind1="1" ind2="0"><subfield code="a">Browning, Robert,</subfield><subfield code="d">1812-1889.</subfield><subfield code="0">(uri) http://id.loc.gov/authorities/names/n79043688</subfield><subfield code="0">(uri) http://viaf.org/viaf/sourceID/LC|n79043688</subfield></datafield><datafield tag="600" ind1="1" ind2="0"><subfield code="a">Eliot, George,</subfield><subfield code="d">1819-1880.</subfield><subfield code="0">(uri) http://id.loc.gov/authorities/names/n79045512</subfield><subfield code="0">(uri) http://viaf.org/viaf/sourceID/LC|n79045512</subfield></datafield><datafield tag="600" ind1="1" ind2="0"><subfield code="a">Lewes, George Henry,</subfield><subfield code="d">1817-1878.</subfield><subfield code="0">(uri) http://id.loc.gov/authorities/names/n50049235</subfield><subfield code="0">(uri) http://viaf.org/viaf/sourceID/LC|n50049235</subfield></datafield><datafield tag="600" ind1="1" ind2="0"><subfield code="a">Wagner, Richard,</subfield><subfield code="d">1813-1883.</subfield><subfield code="0">(uri) http://id.loc.gov/authorities/names/n79089831</subfield><subfield code="0">(uri) http://viaf.org/viaf/sourceID/LC|n79089831</subfield></datafield><datafield tag="600" ind1="1" ind2="0"><subfield code="a">Parkman, Francis,</subfield><subfield code="d">1823-1893.</subfield><subfield code="0">(uri) http://id.loc.gov/authorities/names/n80039370</subfield><subfield code="0">(uri) http://viaf.org/viaf/sourceID/LC|n80039370</subfield></datafield><datafield tag="600" ind1="1" ind2="0"><subfield code="a">Carlyle, Jane Welsh,</subfield><subfield code="d">1801-1866.</subfield><subfield code="0">(uri) http://id.loc.gov/authorities/names/n50032455</subfield><subfield code="0">(uri) http://viaf.org/viaf/sourceID/LC|n50032455</subfield></datafield><datafield tag="600" ind1="1" ind2="0"><subfield code="a">Spencer, Herbert,</subfield><subfield code="d">1820-1903.</subfield><subfield code="0">(uri) http://id.loc.gov/authorities/names/n80038441</subfield><subfield code="0">(uri) http://viaf.org/viaf/sourceID/LC|n80038441</subfield></datafield><datafield tag="600" ind1="1" ind2="0"><subfield code="a">Whittier, John Greenleaf,</subfield><subfield code="d">1807-1892.</subfield><subfield code="0">(uri) http://id.loc.gov/authorities/names/n80034928</subfield><subfield code="0">(uri) http://viaf.org/viaf/sourceID/LC|n80034928</subfield></datafield><datafield tag="600" ind1="1" ind2="0"><subfield code="a">Fuller, Margaret,</subfield><subfield code="d">1810-1850.</subfield><subfield code="0">(uri) http://id.loc.gov/authorities/names/n79034266</subfield><subfield code="0">(uri) http://viaf.org/viaf/sourceID/LC|n79034266</subfield></datafield><datafield tag="600" ind1="1" ind2="0"><subfield code="a">Nietzsche, Friedrich Wilhelm,</subfield><subfield code="d">1844-1900.</subfield><subfield code="0">(uri) http://id.loc.gov/authorities/names/n79021132</subfield><subfield code="0">(uri) http://viaf.org/viaf/sourceID/LC|n79021132</subfield></datafield><datafield tag="650" ind1=" " ind2="0"><subfield code="a">Eyestrain</subfield><subfield code="0">(uri) http://id.loc.gov/authorities/subjects/sh85046712</subfield></datafield><datafield tag="998" ind1=" " ind2=" "><subfield code="c">UTL</subfield><subfield code="s">9662</subfield></datafield><datafield tag="958" ind1=" " ind2=" "><subfield code="a">MiU</subfield></datafield><datafield tag="959" ind1=" " ind2=" "><subfield code="a">(notis)ULAGT0982</subfield></datafield><datafield tag="995" ind1=" " ind2=" "><subfield code="a">20</subfield></datafield><datafield tag="BIB" ind1=" " ind2=" "><subfield code="u">2021-08-21 04:35:52 US/Eastern</subfield><subfield code="c">2021-06-21 18:56:29 US/Eastern</subfield></datafield><datafield tag="852" ind1="1" ind2=" "><subfield code="b">HSRS</subfield><subfield code="a">MiU</subfield><subfield code="c">NONE</subfield><subfield code="h">610.9 G7b</subfield><subfield code="8">22983647380006381</subfield></datafield><datafield tag="866" ind1="4" ind2="0"><subfield code="a">v.2-5</subfield><subfield code="8">22983647380006381</subfield></datafield><datafield tag="974" ind1=" " ind2=" "><subfield code="8">22983647380006381</subfield><subfield code="f">1</subfield><subfield code="c">NONE</subfield><subfield code="m">BOOK</subfield><subfield code="a">39015072230298</subfield><subfield code="e">NONE</subfield><subfield code="7">23983647360006381</subfield><subfield code="z">v.2</subfield><subfield code="p">01</subfield><subfield code="r">2007-12-24 10:59:00</subfield><subfield code="h">610.9 G7b</subfield><subfield code="d">HSRS</subfield><subfield code="b">HSRS</subfield></datafield><datafield tag="974" ind1=" " ind2=" "><subfield code="8">22983647380006381</subfield><subfield code="f">1</subfield><subfield code="c">NONE</subfield><subfield code="m">BOOK</subfield><subfield code="a">39015072230306</subfield><subfield code="e">NONE</subfield><subfield code="7">23983647370006381</subfield><subfield code="z">v.1</subfield><subfield code="p">01</subfield><subfield code="r">2004-06-25 10:59:00</subfield><subfield code="h">610.9 G7b</subfield><subfield code="d">HSRS</subfield><subfield code="b">HSRS</subfield></datafield><datafield tag="974" ind1=" " ind2=" "><subfield code="8">22983647380006381</subfield><subfield code="f">1</subfield><subfield code="c">NONE</subfield><subfield code="m">BOOK</subfield><subfield code="a">39015072230272</subfield><subfield code="e">NONE</subfield><subfield code="7">23983647340006381</subfield><subfield code="z">v.4</subfield><subfield code="p">01</subfield><subfield code="r">2007-12-24 10:59:00</subfield><subfield code="h">610.9 G7b</subfield><subfield code="d">HSRS</subfield><subfield code="b">HSRS</subfield></datafield><datafield tag="974" ind1=" " ind2=" "><subfield code="8">22983647380006381</subfield><subfield code="f">1</subfield><subfield code="c">NONE</subfield><subfield code="m">BOOK</subfield><subfield code="a">39015072230280</subfield><subfield code="e">NONE</subfield><subfield code="7">23983647350006381</subfield><subfield code="z">v.3</subfield><subfield code="p">01</subfield><subfield code="r">2007-12-24 10:59:00</subfield><subfield code="h">610.9 G7b</subfield><subfield code="d">HSRS</subfield><subfield code="b">HSRS</subfield></datafield><datafield tag="974" ind1=" " ind2=" "><subfield code="8">22983647380006381</subfield><subfield code="f">1</subfield><subfield code="c">NONE</subfield><subfield code="m">BOOK</subfield><subfield code="a">39015072230264</subfield><subfield code="e">NONE</subfield><subfield code="7">23983647330006381</subfield><subfield code="z">v.5</subfield><subfield code="p">01</subfield><subfield code="r">2007-12-24 10:59:00</subfield><subfield code="h">610.9 G7b</subfield><subfield code="d">HSRS</subfield><subfield code="b">HSRS</subfield></datafield></record>