<record><leader>     cam a2200397 i 4500</leader><controlfield tag="005">20171219043400.0</controlfield><controlfield tag="008">170725t20172017enk      b    001 0 eng d</controlfield><controlfield tag="001">990158671890106381</controlfield><datafield tag="035" ind1=" " ind2=" "><subfield code="a">(MiU)015867189MIU01</subfield></datafield><datafield tag="020" ind1=" " ind2=" "><subfield code="a">0281076138</subfield><subfield code="0">(uri) http://www.isbnsearch.org/isbn/0281076138</subfield></datafield><datafield tag="020" ind1=" " ind2=" "><subfield code="a">9780281076130</subfield><subfield code="0">(uri) http://www.isbnsearch.org/isbn/9780281076130</subfield></datafield><datafield tag="035" ind1=" " ind2=" "><subfield code="a">(OCoLC)995023543</subfield><subfield code="0">(uri) http://www.worldcat.org/oclc/995023543</subfield></datafield><datafield tag="035" ind1=" " ind2=" "><subfield code="a">(coutts)cts21056125</subfield></datafield><datafield tag="040" ind1=" " ind2=" "><subfield code="a">YDX</subfield><subfield code="b">eng</subfield><subfield code="e">rda</subfield><subfield code="c">YDX</subfield><subfield code="d">CDX</subfield><subfield code="d">CaONFJC</subfield></datafield><datafield tag="043" ind1=" " ind2=" "><subfield code="a">mm-----</subfield></datafield><datafield tag="050" ind1=" " ind2="4"><subfield code="a">BX290</subfield><subfield code="b">.C36 2017</subfield></datafield><datafield tag="082" ind1="0" ind2="4"><subfield code="a">274.95</subfield><subfield code="2">23</subfield></datafield><datafield tag="100" ind1="1" ind2=" "><subfield code="a">Cameron, Averil,</subfield><subfield code="e">author.</subfield><subfield code="0">(uri) http://id.loc.gov/authorities/names/n82059435</subfield><subfield code="0">(uri) http://viaf.org/viaf/sourceID/LC|n82059435</subfield></datafield><datafield tag="245" ind1="1" ind2="0"><subfield code="a">Byzantine Christianity :</subfield><subfield code="b">a very brief history /</subfield><subfield code="c">Averil Cameron.</subfield></datafield><datafield tag="264" ind1=" " ind2="1"><subfield code="a">London :</subfield><subfield code="b">Society for Promoting Christian Knowledge,</subfield><subfield code="c">2017.</subfield></datafield><datafield tag="264" ind1=" " ind2="4"><subfield code="c">©2017</subfield></datafield><datafield tag="300" ind1=" " ind2=" "><subfield code="a">xvii, 138 pages ;</subfield><subfield code="c">20 cm.</subfield></datafield><datafield tag="336" ind1=" " ind2=" "><subfield code="a">text</subfield><subfield code="2">rdacontent</subfield></datafield><datafield tag="337" ind1=" " ind2=" "><subfield code="a">unmediated</subfield><subfield code="2">rdamedia</subfield></datafield><datafield tag="338" ind1=" " ind2=" "><subfield code="a">volume</subfield><subfield code="2">rdacarrier</subfield></datafield><datafield tag="490" ind1="0" ind2=" "><subfield code="a">Very brief history ;</subfield><subfield code="v">5</subfield></datafield><datafield tag="504" ind1=" " ind2=" "><subfield code="a">Includes bibliographical references (pages 126-130) and index.</subfield></datafield><datafield tag="610" ind1="2" ind2="0"><subfield code="a">Orthodox Eastern Church</subfield><subfield code="x">History.</subfield><subfield code="0">(uri) http://id.loc.gov/authorities/names/n50000556</subfield><subfield code="0">(uri) http://viaf.org/viaf/sourceID/LC|n50000556</subfield></datafield><datafield tag="650" ind1=" " ind2="0"><subfield code="a">Christian life</subfield><subfield code="x">History.</subfield><subfield code="0">(uri) http://id.loc.gov/authorities/subjects/sh93009679</subfield></datafield><datafield tag="651" ind1=" " ind2="0"><subfield code="a">Byzantine Empire</subfield><subfield code="x">Church history.</subfield><subfield code="0">(uri) http://id.loc.gov/authorities/subjects/sh2008114537</subfield></datafield><datafield tag="651" ind1=" " ind2="0"><subfield code="a">Byzantine Empire</subfield><subfield code="x">Religious life and customs.</subfield><subfield code="0">(uri) http://id.loc.gov/authorities/names/n80085269</subfield><subfield code="0">(uri) http://viaf.org/viaf/sourceID/LC|n80085269</subfield></datafield><datafield tag="997" ind1=" " ind2=" "><subfield code="a">MARS</subfield></datafield><datafield tag="958" ind1=" " ind2=" "><subfield code="a">MiU</subfield></datafield><datafield tag="937" ind1=" " ind2=" "><subfield code="a">21056125</subfield></datafield><datafield tag="955" ind1="0" ind2=" "><subfield code="a">MiU</subfield><subfield code="b">HATCH</subfield><subfield code="c">GRAD</subfield><subfield code="h">BX290 .C36 2017</subfield><subfield code="p">39015098001152</subfield><subfield code="z">015867189</subfield></datafield><datafield tag="980" ind1=" " ind2=" "><subfield code="e">7.99</subfield><subfield code="f">21056125</subfield></datafield><datafield tag="995" ind1=" " ind2=" "><subfield code="a">20</subfield></datafield><datafield tag="BIB" ind1=" " ind2=" "><subfield code="u">2021-08-21 04:35:44 US/Eastern</subfield><subfield code="c">2021-06-21 18:51:33 US/Eastern</subfield></datafield><datafield tag="852" ind1="0" ind2=" "><subfield code="b">HATCH</subfield><subfield code="a">MiU</subfield><subfield code="c">GRAD</subfield><subfield code="h">BX290 .C36 2017</subfield><subfield code="8">22982373080006381</subfield></datafield><datafield tag="974" ind1=" " ind2=" "><subfield code="8">22982373080006381</subfield><subfield code="f">1</subfield><subfield code="c">GRAD</subfield><subfield code="m">BOOK</subfield><subfield code="a">39015098001152</subfield><subfield code="e">GRAD</subfield><subfield code="7">23982373070006381</subfield><subfield code="p">01</subfield><subfield code="r">2017-11-15 10:59:00</subfield><subfield code="h">BX290 .C36 2017</subfield><subfield code="d">HATCH</subfield><subfield code="b">HATCH</subfield></datafield></record>