<record><leader>     njm a22003131a 4500</leader><controlfield tag="005">19940321000000.0</controlfield><controlfield tag="007">sdufsngnnmmned</controlfield><controlfield tag="008">900604s1988    gw zz    efi     1  ger d</controlfield><controlfield tag="001">990019536110106381</controlfield><datafield tag="035" ind1=" " ind2=" "><subfield code="a">(MiU)001953611MIU01</subfield></datafield><datafield tag="028" ind1="0" ind2="2"><subfield code="a">cpo 999 012-2</subfield><subfield code="b">CPO</subfield></datafield><datafield tag="035" ind1=" " ind2=" "><subfield code="a">(OCoLC)20973063</subfield><subfield code="0">(uri) http://www.worldcat.org/oclc/20973063</subfield></datafield><datafield tag="035" ind1=" " ind2=" "><subfield code="a">(RLIN)MIUG90-R719</subfield></datafield><datafield tag="040" ind1=" " ind2=" "><subfield code="a">MiU</subfield><subfield code="c">MiU</subfield></datafield><datafield tag="041" ind1="1" ind2=" "><subfield code="g">gerengfre</subfield><subfield code="h">ger</subfield></datafield><datafield tag="100" ind1="1" ind2=" "><subfield code="a">Hensel, Fanny Mendelssohn,</subfield><subfield code="d">1805-1847.</subfield><subfield code="0">(uri) http://id.loc.gov/authorities/names/n82155113</subfield><subfield code="0">(uri) http://viaf.org/viaf/sourceID/LC|n82155113</subfield></datafield><datafield tag="240" ind1="1" ind2="0"><subfield code="a">Gartenlieder</subfield></datafield><datafield tag="245" ind1="1" ind2="0"><subfield code="a">Gartenlieder</subfield><subfield code="h">[sound recording] :</subfield><subfield code="b">a-capella-Chöre /</subfield><subfield code="c">Fanny Mendelssohn-Hensel.</subfield></datafield><datafield tag="260" ind1=" " ind2=" "><subfield code="a">Osnabrück :</subfield><subfield code="b">CPO,</subfield><subfield code="c">1988.</subfield></datafield><datafield tag="300" ind1=" " ind2=" "><subfield code="a">1 sound disc :</subfield><subfield code="b">digital, stereo. ;</subfield><subfield code="c">4 3/4 in.</subfield></datafield><datafield tag="500" ind1=" " ind2=" "><subfield code="a">Sung in German.</subfield></datafield><datafield tag="511" ind1="0" ind2=" "><subfield code="a">Edina Leue, soprano ; Gabriele Peters, mezzo-soprano ; Herlind Wartenberg, alto ; Jörg Hannes Kuhn, tenor ; Florian Giertzuch, bass ; Leonarda Ensemble Köln ; Elke Mascha Blankenburg, conductor.</subfield></datafield><datafield tag="500" ind1=" " ind2=" "><subfield code="a">Compact disc.</subfield></datafield><datafield tag="500" ind1=" " ind2=" "><subfield code="a">Program notes in German by Elke Mascha Blankenburg with French and English translations; texts in German ([18] p.) inserted in container.</subfield></datafield><datafield tag="505" ind1="0" ind2=" "><subfield code="a">Im Wald (3:04) -- Lockung (2:24) -- Abschied (2:14) -- Waldeinsam (2:36) -- Seid gegrüsst (2:13) -- Morgendämmerung (2:39) -- Komm (2:16) -- Morgengruss (2:16) -- Schöne Fremde (3:08) -- Schweigend (2:27) -- Nachklänge I (2:27) -- Nachklänge II (1:29) -- Nachklänge III (1:44) -- Wer will mir wehren (1:35) -- Ariel (2:26) -- Der Abend (1:57) -- Schilflied (2:34).</subfield></datafield><datafield tag="650" ind1=" " ind2="0"><subfield code="a">Choruses, Secular (Mixed voices), Unaccompanied.</subfield><subfield code="0">(uri) http://id.loc.gov/authorities/subjects/sh85024904</subfield></datafield><datafield tag="700" ind1="1" ind2=" "><subfield code="a">Blankenburg, Elke Mascha.</subfield><subfield code="4">cnd</subfield><subfield code="0">(uri) http://id.loc.gov/authorities/names/n87114559</subfield><subfield code="0">(uri) http://viaf.org/viaf/sourceID/LC|n87114559</subfield></datafield><datafield tag="710" ind1="2" ind2=" "><subfield code="a">Leonarda Ensemble Köln.</subfield><subfield code="4">prf</subfield><subfield code="0">(uri) http://id.loc.gov/authorities/names/no91010332</subfield><subfield code="0">(uri) http://viaf.org/viaf/sourceID/LC|no91010332</subfield></datafield><datafield tag="998" ind1=" " ind2=" "><subfield code="c">WSB</subfield><subfield code="s">9114</subfield></datafield><datafield tag="958" ind1=" " ind2=" "><subfield code="a">MiU</subfield></datafield><datafield tag="959" ind1=" " ind2=" "><subfield code="a">(notis)ULAJJ5340</subfield></datafield><datafield tag="935" ind1=" " ind2=" "><subfield code="a">(OCoLC)68147505</subfield><subfield code="x">OCLC reclamation</subfield></datafield><datafield tag="995" ind1=" " ind2=" "><subfield code="a">20</subfield></datafield><datafield tag="BIB" ind1=" " ind2=" "><subfield code="u">2021-08-21 04:35:35 US/Eastern</subfield><subfield code="c">2021-06-21 18:56:01 US/Eastern</subfield></datafield><datafield tag="852" ind1="4" ind2=" "><subfield code="b">MUSIC</subfield><subfield code="a">MiU</subfield><subfield code="c">REC</subfield><subfield code="j">CDS 990122</subfield><subfield code="8">22983526420006381</subfield></datafield><datafield tag="974" ind1=" " ind2=" "><subfield code="8">22983526420006381</subfield><subfield code="f">1</subfield><subfield code="c">REC</subfield><subfield code="m">SCORE</subfield><subfield code="w">1 disc and notes</subfield><subfield code="a">39015018103641</subfield><subfield code="e">REC</subfield><subfield code="7">23983526410006381</subfield><subfield code="p">02</subfield><subfield code="r">1990-06-18 10:59:00</subfield><subfield code="h">CDS 990122</subfield><subfield code="d">MUSIC</subfield><subfield code="b">MUSIC</subfield></datafield></record>