<record><leader>00000pam a2200361 a 4500</leader><controlfield tag="005">20050322134655.0</controlfield><controlfield tag="008">040326s2004    txua     b   s001 0 eng  </controlfield><controlfield tag="001">990049372830106381</controlfield><datafield tag="035" ind1=" " ind2=" "><subfield code="a">(MiU)004937283MIU01</subfield></datafield><datafield tag="010" ind1=" " ind2=" "><subfield code="a">2004006920</subfield></datafield><datafield tag="020" ind1=" " ind2=" "><subfield code="a">0292702779</subfield><subfield code="q">(hardcover : alk. paper)</subfield><subfield code="0">(uri) http://www.isbnsearch.org/isbn/0292702779</subfield></datafield><datafield tag="020" ind1=" " ind2=" "><subfield code="a">0292705689</subfield><subfield code="q">(pbk. : alk. paper)</subfield><subfield code="0">(uri) http://www.isbnsearch.org/isbn/0292705689</subfield></datafield><datafield tag="035" ind1=" " ind2=" "><subfield code="a">(OCoLC)ocm54852616</subfield><subfield code="0">(uri) http://www.worldcat.org/oclc/54852616</subfield></datafield><datafield tag="040" ind1=" " ind2=" "><subfield code="a">DLC</subfield><subfield code="c">DLC</subfield><subfield code="d">DLC</subfield></datafield><datafield tag="043" ind1=" " ind2=" "><subfield code="a">n-usc--</subfield><subfield code="a">n-us---</subfield></datafield><datafield tag="050" ind1="0" ind2="0"><subfield code="a">F358.2.S75</subfield><subfield code="b">L38 2004</subfield></datafield><datafield tag="082" ind1="0" ind2="0"><subfield code="a">977/.00468</subfield><subfield code="2">22</subfield></datafield><datafield tag="245" ind1="0" ind2="0"><subfield code="a">Apple pie &amp; enchiladas :</subfield><subfield code="b">Latino newcomers in the rural Midwest /</subfield><subfield code="c">Ann V. Millard and Jorge Chapa, with Catalina Burillo ... [et al.].</subfield></datafield><datafield tag="246" ind1="3" ind2="0"><subfield code="a">Apple pie and enchiladas</subfield></datafield><datafield tag="250" ind1=" " ind2=" "><subfield code="a">1st ed.</subfield></datafield><datafield tag="260" ind1=" " ind2=" "><subfield code="a">Austin :</subfield><subfield code="b">University of Texas Press,</subfield><subfield code="c">2004.</subfield></datafield><datafield tag="300" ind1=" " ind2=" "><subfield code="a">xiii, 276 p. :</subfield><subfield code="b">ill. ;</subfield><subfield code="c">24 cm.</subfield></datafield><datafield tag="504" ind1=" " ind2=" "><subfield code="a">Includes bibliographical references (p. 243-261) and index.</subfield></datafield><datafield tag="650" ind1=" " ind2="0"><subfield code="a">Hispanic Americans</subfield><subfield code="z">Middle West</subfield><subfield code="x">Social conditions.</subfield><subfield code="0">(uri) http://id.loc.gov/authorities/subjects/sh85061051</subfield></datafield><datafield tag="650" ind1=" " ind2="0"><subfield code="a">Community life</subfield><subfield code="z">Middle West.</subfield><subfield code="0">(uri) http://id.loc.gov/authorities/subjects/sh85029243</subfield></datafield><datafield tag="650" ind1=" " ind2="0"><subfield code="a">Immigrants</subfield><subfield code="z">Middle West</subfield><subfield code="x">Social conditions.</subfield><subfield code="0">(uri) http://id.loc.gov/authorities/subjects/sh85064517</subfield></datafield><datafield tag="650" ind1=" " ind2="0"><subfield code="a">Migration, Internal</subfield><subfield code="z">United States.</subfield><subfield code="0">(uri) http://id.loc.gov/authorities/subjects/sh2008107776</subfield></datafield><datafield tag="651" ind1=" " ind2="0"><subfield code="a">Middle West</subfield><subfield code="x">Rural conditions.</subfield><subfield code="0">(uri) http://id.loc.gov/authorities/subjects/sh85085029</subfield></datafield><datafield tag="651" ind1=" " ind2="0"><subfield code="a">Middle West</subfield><subfield code="x">Ethnic relations.</subfield><subfield code="0">(uri) http://id.loc.gov/authorities/subjects/sh85085029</subfield></datafield><datafield tag="700" ind1="1" ind2=" "><subfield code="a">Millard, Ann V.</subfield><subfield code="0">(uri) http://id.loc.gov/authorities/names/n84010688</subfield><subfield code="0">(uri) http://viaf.org/viaf/sourceID/LC|n84010688</subfield></datafield><datafield tag="700" ind1="1" ind2=" "><subfield code="a">Chapa, Jorge,</subfield><subfield code="d">1953-</subfield><subfield code="0">(uri) http://id.loc.gov/authorities/names/n87927904</subfield><subfield code="0">(uri) http://viaf.org/viaf/sourceID/LC|n87927904</subfield></datafield><datafield tag="700" ind1="1" ind2=" "><subfield code="a">Burillo, Catalina.</subfield><subfield code="0">(uri) http://id.loc.gov/authorities/names/n2004042960</subfield><subfield code="0">(uri) http://viaf.org/viaf/sourceID/LC|n2004042960</subfield></datafield><datafield tag="997" ind1=" " ind2=" "><subfield code="a">MARS</subfield></datafield><datafield tag="998" ind1=" " ind2=" "><subfield code="c">mcp kms</subfield></datafield><datafield tag="958" ind1=" " ind2=" "><subfield code="a">MiU</subfield></datafield><datafield tag="980" ind1=" " ind2=" "><subfield code="a">20050112</subfield><subfield code="b">4500</subfield><subfield code="e">3870</subfield><subfield code="f">518441</subfield></datafield><datafield tag="995" ind1=" " ind2=" "><subfield code="a">20</subfield></datafield><datafield tag="BIB" ind1=" " ind2=" "><subfield code="u">2021-08-21 04:36:01 US/Eastern</subfield><subfield code="c">2021-06-21 18:57:37 US/Eastern</subfield></datafield><datafield tag="852" ind1="0" ind2=" "><subfield code="b">HATCH</subfield><subfield code="a">MiU</subfield><subfield code="c">GRAD</subfield><subfield code="h">F 358.2 .S75 L381 2004</subfield><subfield code="8">22983954470006381</subfield></datafield><datafield tag="974" ind1=" " ind2=" "><subfield code="8">22983954470006381</subfield><subfield code="f">1</subfield><subfield code="c">GRAD</subfield><subfield code="m">BOOK</subfield><subfield code="a">39015059308638</subfield><subfield code="e">GRAD</subfield><subfield code="7">23983954460006381</subfield><subfield code="p">01</subfield><subfield code="r">2005-02-07 10:59:00</subfield><subfield code="h">F 358.2 .S75 L381 2004</subfield><subfield code="d">HATCH</subfield><subfield code="b">HATCH</subfield></datafield></record>