<record><leader>     nam a2200277 a 4500</leader><controlfield tag="005">19980420000000.0</controlfield><controlfield tag="008">980420s1998    nyub     b    001 0 eng  </controlfield><controlfield tag="001">990039630720106381</controlfield><datafield tag="035" ind1=" " ind2=" "><subfield code="a">(MiU)003963072MIU01</subfield></datafield><datafield tag="010" ind1=" " ind2=" "><subfield code="a">97012127</subfield></datafield><datafield tag="020" ind1=" " ind2=" "><subfield code="a">0195113667</subfield><subfield code="q">(alk. paper)</subfield><subfield code="0">(uri) http://www.isbnsearch.org/isbn/0195113667</subfield></datafield><datafield tag="035" ind1=" " ind2=" "><subfield code="a">(OCoLC)ocm36798082</subfield><subfield code="0">(uri) http://www.worldcat.org/oclc/36798082</subfield></datafield><datafield tag="035" ind1=" " ind2=" "><subfield code="a">(III)iiio30952670</subfield></datafield><datafield tag="040" ind1=" " ind2=" "><subfield code="a">DLC</subfield><subfield code="c">DLC</subfield><subfield code="d">EYM</subfield></datafield><datafield tag="050" ind1="0" ind2="0"><subfield code="a">BR65.C33</subfield><subfield code="b">S74 1998</subfield></datafield><datafield tag="082" ind1="0" ind2="0"><subfield code="a">271/.0092</subfield><subfield code="a">B</subfield><subfield code="2">21</subfield></datafield><datafield tag="100" ind1="1" ind2=" "><subfield code="a">Stewart, Columba.</subfield><subfield code="0">(uri) http://id.loc.gov/authorities/names/n91024227</subfield><subfield code="0">(uri) http://viaf.org/viaf/sourceID/LC|n91024227</subfield></datafield><datafield tag="245" ind1="1" ind2="0"><subfield code="a">Cassian the monk /</subfield><subfield code="c">Columba Stewart.</subfield></datafield><datafield tag="260" ind1=" " ind2=" "><subfield code="a">New York :</subfield><subfield code="b">Oxford University Press,</subfield><subfield code="c">1998.</subfield></datafield><datafield tag="300" ind1=" " ind2=" "><subfield code="a">xv, 286 p. :</subfield><subfield code="b">map ;</subfield><subfield code="c">24 cm.</subfield></datafield><datafield tag="490" ind1="1" ind2=" "><subfield code="a">Oxford studies in historical theology</subfield><subfield code="0">(uri) http://id.loc.gov/authorities/names/n96016692</subfield><subfield code="0">(uri) http://viaf.org/viaf/sourceID/LC|n96016692</subfield></datafield><datafield tag="504" ind1=" " ind2=" "><subfield code="a">Includes bibliographical references (p. 231-260) and index.</subfield></datafield><datafield tag="600" ind1="1" ind2="0"><subfield code="a">Cassian, John,</subfield><subfield code="d">approximately 360-approximately 435.</subfield><subfield code="0">(uri) http://id.loc.gov/authorities/names/n82220110</subfield><subfield code="0">(uri) http://viaf.org/viaf/sourceID/LC|n82220110</subfield></datafield><datafield tag="650" ind1=" " ind2="0"><subfield code="a">Monastic and religious life</subfield><subfield code="x">History of doctrines</subfield><subfield code="y">Early church, ca. 30-600.</subfield><subfield code="0">(uri) http://id.loc.gov/authorities/subjects/sh85086703</subfield></datafield><datafield tag="830" ind1=" " ind2="0"><subfield code="a">Oxford studies in historical theology</subfield><subfield code="0">(uri) http://id.loc.gov/authorities/names/n96016692</subfield><subfield code="0">(uri) http://viaf.org/viaf/sourceID/LC|n96016692</subfield></datafield><datafield tag="998" ind1=" " ind2=" "><subfield code="c">aut5</subfield></datafield><datafield tag="958" ind1=" " ind2=" "><subfield code="a">MiU</subfield></datafield><datafield tag="959" ind1=" " ind2=" "><subfield code="a">(notis)ULBAG6224</subfield></datafield><datafield tag="995" ind1=" " ind2=" "><subfield code="a">20</subfield></datafield><datafield tag="BIB" ind1=" " ind2=" "><subfield code="u">2021-08-21 04:36:04 US/Eastern</subfield><subfield code="c">2021-06-21 16:52:38 US/Eastern</subfield></datafield><datafield tag="852" ind1="0" ind2=" "><subfield code="b">HATCH</subfield><subfield code="a">MiU</subfield><subfield code="c">GRAD</subfield><subfield code="h">BR 65 .C345 S74 1998</subfield><subfield code="8">22949978670006381</subfield></datafield><datafield tag="974" ind1=" " ind2=" "><subfield code="8">22949978670006381</subfield><subfield code="f">1</subfield><subfield code="c">GRAD</subfield><subfield code="m">BOOK</subfield><subfield code="a">39015040130992</subfield><subfield code="e">GRAD</subfield><subfield code="7">23949978660006381</subfield><subfield code="p">01</subfield><subfield code="r">1998-03-11 10:59:00</subfield><subfield code="h">BR 65 .C345 S74 1998</subfield><subfield code="d">HATCH</subfield><subfield code="b">HATCH</subfield></datafield></record>