<record><leader>     cam a22003374a 4500</leader><controlfield tag="005">20050106124425.0</controlfield><controlfield tag="008">030807s2004    mau      b    001 0 eng  </controlfield><controlfield tag="001">990049212590106381</controlfield><datafield tag="035" ind1=" " ind2=" "><subfield code="a">(MiU)004921259MIU01</subfield></datafield><datafield tag="010" ind1=" " ind2=" "><subfield code="a">2003056717</subfield></datafield><datafield tag="020" ind1=" " ind2=" "><subfield code="a">0674011899</subfield><subfield code="q">(alk. paper)</subfield><subfield code="0">(uri) http://www.isbnsearch.org/isbn/0674011899</subfield></datafield><datafield tag="035" ind1=" " ind2=" "><subfield code="a">(OCoLC)ocm52858487</subfield><subfield code="0">(uri) http://www.worldcat.org/oclc/52858487</subfield></datafield><datafield tag="040" ind1=" " ind2=" "><subfield code="a">DLC</subfield><subfield code="c">DLC</subfield><subfield code="d">YDX</subfield><subfield code="d">UKM</subfield><subfield code="d">EZU</subfield><subfield code="d">EYM</subfield></datafield><datafield tag="042" ind1=" " ind2=" "><subfield code="a">pcc</subfield></datafield><datafield tag="049" ind1=" " ind2=" "><subfield code="a">EYMF</subfield></datafield><datafield tag="050" ind1="0" ind2="0"><subfield code="a">BR195.L42</subfield><subfield code="b">S74 2004</subfield></datafield><datafield tag="099" ind1=" " ind2=" "><subfield code="a">BR 195 .L42 S741 2004</subfield></datafield><datafield tag="100" ind1="1" ind2=" "><subfield code="a">Sterk, Andrea.</subfield><subfield code="0">(uri) http://id.loc.gov/authorities/names/no98027869</subfield><subfield code="0">(uri) http://viaf.org/viaf/sourceID/LC|no98027869</subfield></datafield><datafield tag="245" ind1="1" ind2="0"><subfield code="a">Renouncing the world yet leading the church :</subfield><subfield code="b">the monk-bishop in late antiquity /</subfield><subfield code="c">Andrea Sterk.</subfield></datafield><datafield tag="260" ind1=" " ind2=" "><subfield code="a">Cambridge, Mass. :</subfield><subfield code="b">Harvard University Press,</subfield><subfield code="c">2004.</subfield></datafield><datafield tag="300" ind1=" " ind2=" "><subfield code="a">viii, 360 p. ;</subfield><subfield code="c">25 cm.</subfield></datafield><datafield tag="504" ind1=" " ind2=" "><subfield code="a">Includes bibliographical references (p. 249-350) and index.</subfield></datafield><datafield tag="505" ind1="0" ind2=" "><subfield code="a">I: BASIL OF CAESAREA AND THE EMERGENCE OF AN IDEAL: Monks and bishops in the Christian East from 325 to 375 -- Asceticism and leadership in the thought of Basil of Caesarea -- Reframing and reforming the episcopate: Basil's direct influence -- II: THE DEVELOPMENT OF AN IDEAL: Gregory of Nyssa: On Basil, Moses, and episcopal office -- Gregory of Nazianzus: ascetic life and episcopal office in tension -- John Chrysostom: the model monk-bishop in spite of himself -- III: THE TRIUMPH OF AN IDEAL: From nuisances to episcopal ideals: civil and ecclesiastical legislation -- Normalizing the model: the Fifth-Century church histories -- The broadening appeal: monastic and hagiographical literature -- Epilogue: The legacy of the monk-bishop in the Byzanine world.</subfield></datafield><datafield tag="650" ind1=" " ind2="0"><subfield code="a">Leadership</subfield><subfield code="x">Religious aspects</subfield><subfield code="x">Christianity</subfield><subfield code="x">History of doctrines</subfield><subfield code="y">Early church, ca. 30-600.</subfield><subfield code="0">(uri) http://id.loc.gov/authorities/subjects/sh85075480</subfield></datafield><datafield tag="650" ind1=" " ind2="0"><subfield code="a">Asceticism</subfield><subfield code="x">History</subfield><subfield code="y">Early church, ca. 30-600.</subfield><subfield code="0">(uri) http://id.loc.gov/authorities/subjects/sh85008543</subfield></datafield><datafield tag="600" ind1="0" ind2="0"><subfield code="a">Basil,</subfield><subfield code="c">Saint, Bishop of Caesarea,</subfield><subfield code="d">approximately 329-379.</subfield><subfield code="0">(uri) http://id.loc.gov/authorities/names/n80004066</subfield><subfield code="0">(uri) http://viaf.org/viaf/sourceID/LC|n80004066</subfield></datafield><datafield tag="600" ind1="0" ind2="0"><subfield code="a">Gregory,</subfield><subfield code="c">of Nyssa, Saint,</subfield><subfield code="d">approximately 335-approximately 394.</subfield><subfield code="0">(uri) http://id.loc.gov/authorities/names/n79021401</subfield><subfield code="0">(uri) http://viaf.org/viaf/sourceID/LC|n79021401</subfield></datafield><datafield tag="600" ind1="0" ind2="0"><subfield code="a">Gregory,</subfield><subfield code="c">of Nazianzus, Saint</subfield><subfield code="0">(uri) http://id.loc.gov/authorities/names/n50082276</subfield><subfield code="0">(uri) http://viaf.org/viaf/sourceID/LC|n50082276</subfield></datafield><datafield tag="600" ind1="0" ind2="0"><subfield code="a">John Chrysostom,</subfield><subfield code="c">Saint,</subfield><subfield code="d">-407.</subfield><subfield code="0">(uri) http://id.loc.gov/authorities/names/n80001460</subfield><subfield code="0">(uri) http://viaf.org/viaf/sourceID/LC|n80001460</subfield></datafield><datafield tag="997" ind1=" " ind2=" "><subfield code="a">MARS</subfield></datafield><datafield tag="998" ind1=" " ind2=" "><subfield code="c">mcp wh</subfield></datafield><datafield tag="958" ind1=" " ind2=" "><subfield code="a">MiU</subfield></datafield><datafield tag="995" ind1=" " ind2=" "><subfield code="a">20</subfield></datafield><datafield tag="BIB" ind1=" " ind2=" "><subfield code="u">2021-08-21 04:35:42 US/Eastern</subfield><subfield code="c">2021-06-21 16:52:35 US/Eastern</subfield></datafield><datafield tag="852" ind1="0" ind2=" "><subfield code="b">OFFS</subfield><subfield code="a">MiU</subfield><subfield code="c">ELLS</subfield><subfield code="h">BR 195 .L42 S741 2004</subfield><subfield code="8">22949949800006381</subfield></datafield><datafield tag="974" ind1=" " ind2=" "><subfield code="8">22949949800006381</subfield><subfield code="f">1</subfield><subfield code="c">ELLS</subfield><subfield code="m">BOOK</subfield><subfield code="a">39015060369033</subfield><subfield code="i">Fine Main</subfield><subfield code="e">ELLS</subfield><subfield code="7">23949949790006381</subfield><subfield code="p">01</subfield><subfield code="r">2004-12-17 10:59:00</subfield><subfield code="h">BR 195 .L42 S741 2004</subfield><subfield code="d">OFFS</subfield><subfield code="b">OFFS</subfield></datafield></record>