<record><leader>00000cam a2200409 a 4500</leader><controlfield tag="005">20100420105228.0</controlfield><controlfield tag="008">100126s2010    ncua     b    001 0deng  </controlfield><controlfield tag="001">990079319710106381</controlfield><datafield tag="035" ind1=" " ind2=" "><subfield code="a">(MiU)007931971MIU01</subfield></datafield><datafield tag="010" ind1=" " ind2=" "><subfield code="a">2010002268</subfield></datafield><datafield tag="020" ind1=" " ind2=" "><subfield code="a">9781594607547</subfield><subfield code="q">(alk. paper)</subfield><subfield code="0">(uri) http://www.isbnsearch.org/isbn/9781594607547</subfield></datafield><datafield tag="020" ind1=" " ind2=" "><subfield code="a">1594607540</subfield><subfield code="q">(alk. paper)</subfield><subfield code="0">(uri) http://www.isbnsearch.org/isbn/1594607540</subfield></datafield><datafield tag="035" ind1=" " ind2=" "><subfield code="a">(OCoLC)502675132</subfield><subfield code="0">(uri) http://www.worldcat.org/oclc/502675132</subfield></datafield><datafield tag="035" ind1=" " ind2=" "><subfield code="a">(coutts)cts11678382</subfield></datafield><datafield tag="040" ind1=" " ind2=" "><subfield code="a">DLC</subfield><subfield code="c">DLC</subfield><subfield code="d">YDXCP</subfield><subfield code="d">CDX</subfield><subfield code="d">CaONFJC</subfield></datafield><datafield tag="043" ind1=" " ind2=" "><subfield code="a">f------</subfield><subfield code="a">n-us---</subfield><subfield code="a">n-us-tx</subfield></datafield><datafield tag="050" ind1="0" ind2="0"><subfield code="a">DT19.7.F35</subfield><subfield code="b">T69 2010</subfield></datafield><datafield tag="082" ind1="0" ind2="0"><subfield code="a">960.072/02</subfield><subfield code="2">22</subfield></datafield><datafield tag="245" ind1="0" ind2="0"><subfield code="a">Toyin Falola :</subfield><subfield code="b">the man, the mask, the muse /</subfield><subfield code="c">edited by Niyi Afolabi.</subfield></datafield><datafield tag="260" ind1=" " ind2=" "><subfield code="a">Durham, N.C. :</subfield><subfield code="b">Carolina Academic Press,</subfield><subfield code="c">c2010.</subfield></datafield><datafield tag="300" ind1=" " ind2=" "><subfield code="a">xxvi, 989 p. :</subfield><subfield code="b">ill. ;</subfield><subfield code="c">27 cm.</subfield></datafield><datafield tag="504" ind1=" " ind2=" "><subfield code="a">Includes bibliographical references and index.</subfield></datafield><datafield tag="600" ind1="1" ind2="0"><subfield code="a">Falola, Toyin.</subfield><subfield code="0">(uri) http://id.loc.gov/authorities/names/n84135529</subfield><subfield code="0">(uri) http://viaf.org/viaf/sourceID/LC|n84135529</subfield></datafield><datafield tag="600" ind1="1" ind2="0"><subfield code="a">Falola, Toyin</subfield><subfield code="x">Influence.</subfield><subfield code="0">(uri) http://id.loc.gov/authorities/names/n84135529</subfield><subfield code="0">(uri) http://viaf.org/viaf/sourceID/LC|n84135529</subfield></datafield><datafield tag="600" ind1="1" ind2="0"><subfield code="a">Falola, Toyin</subfield><subfield code="x">Political and social views.</subfield><subfield code="0">(uri) http://id.loc.gov/authorities/names/n84135529</subfield><subfield code="0">(uri) http://viaf.org/viaf/sourceID/LC|n84135529</subfield></datafield><datafield tag="650" ind1=" " ind2="0"><subfield code="a">Africanists</subfield><subfield code="z">United States</subfield><subfield code="v">Biography.</subfield><subfield code="0">(uri) http://id.loc.gov/authorities/subjects/sh85001755</subfield></datafield><datafield tag="650" ind1=" " ind2="0"><subfield code="a">Scholars</subfield><subfield code="z">United States</subfield><subfield code="v">Biography.</subfield><subfield code="0">(uri) http://id.loc.gov/authorities/subjects/sh2010112031</subfield></datafield><datafield tag="650" ind1=" " ind2="0"><subfield code="a">Historians</subfield><subfield code="z">United States</subfield><subfield code="v">Biography.</subfield><subfield code="0">(uri) http://id.loc.gov/authorities/subjects/sh2008105657</subfield></datafield><datafield tag="651" ind1=" " ind2="0"><subfield code="a">Africa</subfield><subfield code="x">Historiography.</subfield><subfield code="0">(uri) http://id.loc.gov/authorities/subjects/sh2007100772</subfield></datafield><datafield tag="650" ind1=" " ind2="0"><subfield code="a">African diaspora</subfield><subfield code="x">Historiography.</subfield><subfield code="0">(uri) http://id.loc.gov/authorities/subjects/sh91005631</subfield></datafield><datafield tag="650" ind1=" " ind2="0"><subfield code="a">College teachers</subfield><subfield code="z">Texas</subfield><subfield code="z">Austin</subfield><subfield code="v">Biography.</subfield><subfield code="0">(uri) http://id.loc.gov/authorities/subjects/sh85028378</subfield></datafield><datafield tag="650" ind1=" " ind2="0"><subfield code="a">Nigerian Americans</subfield><subfield code="v">Biography.</subfield><subfield code="0">(uri) http://id.loc.gov/authorities/subjects/sh95006804</subfield></datafield><datafield tag="700" ind1="1" ind2=" "><subfield code="a">Afolabi, Niyi.</subfield><subfield code="0">(uri) http://id.loc.gov/authorities/names/n99016036</subfield><subfield code="0">(uri) http://viaf.org/viaf/sourceID/LC|n99016036</subfield></datafield><datafield tag="997" ind1=" " ind2=" "><subfield code="a">MARS</subfield></datafield><datafield tag="958" ind1=" " ind2=" "><subfield code="a">MiU</subfield></datafield><datafield tag="029" ind1="1" ind2=" "><subfield code="a">CDX</subfield><subfield code="b">11907756</subfield></datafield><datafield tag="937" ind1=" " ind2=" "><subfield code="a">11678382</subfield></datafield><datafield tag="955" ind1="0" ind2=" "><subfield code="0">cts11678382</subfield><subfield code="a">MiU</subfield><subfield code="h">DT19.7.F35 T69 2010</subfield><subfield code="p">39015084274854</subfield></datafield><datafield tag="980" ind1=" " ind2=" "><subfield code="e">65.00</subfield><subfield code="f">11678382</subfield></datafield><datafield tag="995" ind1=" " ind2=" "><subfield code="a">20</subfield></datafield><datafield tag="BIB" ind1=" " ind2=" "><subfield code="u">2021-08-21 04:36:13 US/Eastern</subfield><subfield code="c">2021-06-21 18:57:23 US/Eastern</subfield></datafield><datafield tag="852" ind1="0" ind2=" "><subfield code="b">HATCH</subfield><subfield code="a">MiU</subfield><subfield code="c">GRAD</subfield><subfield code="h">DT19.7.F35 T69 2010</subfield><subfield code="8">22983868540006381</subfield></datafield><datafield tag="974" ind1=" " ind2=" "><subfield code="8">22983868540006381</subfield><subfield code="f">1</subfield><subfield code="c">GRAD</subfield><subfield code="m">BOOK</subfield><subfield code="a">39015084274854</subfield><subfield code="e">GRAD</subfield><subfield code="7">23983868530006381</subfield><subfield code="p">01</subfield><subfield code="r">2010-05-06 10:59:00</subfield><subfield code="h">DT19.7.F35 T69 2010</subfield><subfield code="d">HATCH</subfield><subfield code="b">HATCH</subfield></datafield></record>