<record><leader>     nam a22003131a 4500</leader><controlfield tag="005">20020812000000.0</controlfield><controlfield tag="008">020812s1995    th a          000 0 eng  </controlfield><controlfield tag="001">990037086740106381</controlfield><datafield tag="035" ind1=" " ind2=" "><subfield code="a">(MiU)003708674MIU01</subfield></datafield><datafield tag="010" ind1=" " ind2=" "><subfield code="a">99503640</subfield></datafield><datafield tag="025" ind1=" " ind2=" "><subfield code="a">Th-E-99-503640</subfield></datafield><datafield tag="035" ind1=" " ind2=" "><subfield code="a">(RLIN)MIUG02-B3094</subfield></datafield><datafield tag="035" ind1=" " ind2=" "><subfield code="a">(OCoLC)ocm44866663</subfield><subfield code="0">(uri) http://www.worldcat.org/oclc/44866663</subfield></datafield><datafield tag="037" ind1=" " ind2=" "><subfield code="b">Library of Congress -- New Delhi Field Office</subfield><subfield code="c">K15,000.00</subfield></datafield><datafield tag="040" ind1=" " ind2=" "><subfield code="a">DLC</subfield><subfield code="c">DLC</subfield><subfield code="d">DLC</subfield><subfield code="d">MiU</subfield></datafield><datafield tag="041" ind1="1" ind2=" "><subfield code="a">eng</subfield><subfield code="h">lao</subfield></datafield><datafield tag="042" ind1=" " ind2=" "><subfield code="a">lcode</subfield></datafield><datafield tag="043" ind1=" " ind2=" "><subfield code="a">a-ls---</subfield></datafield><datafield tag="050" ind1="0" ind2="0"><subfield code="a">DS555.98.V54</subfield><subfield code="b">T53 1995</subfield></datafield><datafield tag="082" ind1="0" ind2="0"><subfield code="a">959.4</subfield><subfield code="2">21</subfield></datafield><datafield tag="100" ind1="0" ind2=" "><subfield code="a">Tham Saiyasitsēnā.</subfield><subfield code="0">(uri) http://id.loc.gov/authorities/names/n89203807</subfield><subfield code="0">(uri) http://viaf.org/viaf/sourceID/LC|n89203807</subfield></datafield><datafield tag="240" ind1="1" ind2="0"><subfield code="a">Patūsai : kānkō̜sāng, khwāmmāi, kitisak.</subfield><subfield code="l">English</subfield></datafield><datafield tag="245" ind1="1" ind2="0"><subfield code="a">Victory arch :</subfield><subfield code="b">construction, significance, prestige /</subfield><subfield code="c">Tham Sayasithsena.</subfield></datafield><datafield tag="260" ind1=" " ind2=" "><subfield code="a">Nongkhai, Thailand :</subfield><subfield code="b">Mtthai Press,</subfield><subfield code="c">1995.</subfield></datafield><datafield tag="300" ind1=" " ind2=" "><subfield code="a">34 p. :</subfield><subfield code="b">col. ill. ;</subfield><subfield code="c">20 cm.</subfield></datafield><datafield tag="520" ind1=" " ind2=" "><subfield code="a">Victory arch, also known as Patūsai, located in Viangchan, Laos.</subfield></datafield><datafield tag="650" ind1=" " ind2="0"><subfield code="a">Patū sai (Viangchan, Laos)</subfield><subfield code="0">(uri) http://id.loc.gov/authorities/subjects/sh98007376</subfield></datafield><datafield tag="651" ind1=" " ind2="0"><subfield code="a">Viangchan (Laos)</subfield><subfield code="x">Buildings, structures, etc.</subfield><subfield code="0">(uri) http://id.loc.gov/authorities/names/n82047092</subfield><subfield code="0">(uri) http://viaf.org/viaf/sourceID/LC|n82047092</subfield></datafield><datafield tag="998" ind1=" " ind2=" "><subfield code="c">SM</subfield><subfield code="s">9110</subfield></datafield><datafield tag="958" ind1=" " ind2=" "><subfield code="a">MiU</subfield></datafield><datafield tag="959" ind1=" " ind2=" "><subfield code="a">(notis)ULAUA1044</subfield></datafield><datafield tag="995" ind1=" " ind2=" "><subfield code="a">20</subfield></datafield><datafield tag="BIB" ind1=" " ind2=" "><subfield code="u">2021-08-21 04:35:40 US/Eastern</subfield><subfield code="c">2021-06-21 16:51:31 US/Eastern</subfield></datafield><datafield tag="852" ind1="0" ind2=" "><subfield code="b">BUHR</subfield><subfield code="a">MiU</subfield><subfield code="c">MAIN</subfield><subfield code="h">DS 555.98 .V6 T433 1995</subfield><subfield code="8">22949758060006381</subfield></datafield><datafield tag="974" ind1=" " ind2=" "><subfield code="8">22949758060006381</subfield><subfield code="f">1</subfield><subfield code="c">MAIN</subfield><subfield code="m">BOOK</subfield><subfield code="a">39015051688565</subfield><subfield code="i">Buhr B 1441897</subfield><subfield code="e">MAIN</subfield><subfield code="u">mdp.39015051688565 ic 20191108</subfield><subfield code="7">23949758050006381</subfield><subfield code="p">01</subfield><subfield code="r">2002-08-13 10:59:00</subfield><subfield code="h">DS 555.98 .V6 T433 1995</subfield><subfield code="d">BUHR</subfield><subfield code="b">BUHR</subfield></datafield></record>