<record><leader>00000cam a2200313 a 4500</leader><controlfield tag="005">20051018132855.0</controlfield><controlfield tag="008">030327s2002    fr ab    b    001 0 fre  </controlfield><controlfield tag="001">990043570840106381</controlfield><datafield tag="035" ind1=" " ind2=" "><subfield code="a">(MiU)004357084MIU01</subfield></datafield><datafield tag="010" ind1=" " ind2=" "><subfield code="a">2003461268</subfield></datafield><datafield tag="020" ind1=" " ind2=" "><subfield code="a">2884541225</subfield><subfield code="0">(uri) http://www.isbnsearch.org/isbn/2884541225</subfield></datafield><datafield tag="035" ind1=" " ind2=" "><subfield code="a">(OCoLC)ocm52118160</subfield><subfield code="0">(uri) http://www.worldcat.org/oclc/52118160</subfield></datafield><datafield tag="040" ind1=" " ind2=" "><subfield code="a">DLC</subfield><subfield code="c">DLC</subfield><subfield code="d">DLC</subfield></datafield><datafield tag="050" ind1="0" ind2="0"><subfield code="a">DQ721</subfield><subfield code="b">.B5 No. 122</subfield><subfield code="a">DQ739.5</subfield></datafield><datafield tag="082" ind1="0" ind2="0"><subfield code="a">949.4/52 s</subfield><subfield code="a">949.4/5205</subfield><subfield code="2">22</subfield></datafield><datafield tag="245" ind1="0" ind2="0"><subfield code="a">Vaud sous l'Acte de Médiation, 1803-1813 :</subfield><subfield code="b">la naissance d'un canton confédéré /</subfield><subfield code="c">textes réunis par C. Chuard ... [et al.].</subfield></datafield><datafield tag="260" ind1=" " ind2=" "><subfield code="a">Lausanne :</subfield><subfield code="b">Société vaudoise d'histoire et d'archéologie,</subfield><subfield code="c">2002.</subfield></datafield><datafield tag="300" ind1=" " ind2=" "><subfield code="a">526 p. :</subfield><subfield code="b">ill. (some col.), col. maps ;</subfield><subfield code="c">24 cm.</subfield></datafield><datafield tag="490" ind1="1" ind2=" "><subfield code="a">Bibliothèque historique vaudoise,</subfield><subfield code="x">0067-8406 ;</subfield><subfield code="v">no 122</subfield></datafield><datafield tag="504" ind1=" " ind2=" "><subfield code="a">Includes bibliographical references (p. [494]-499) and index.</subfield></datafield><datafield tag="650" ind1=" " ind2="0"><subfield code="a">Constitutional law</subfield><subfield code="z">Switzerland</subfield><subfield code="z">Vaud.</subfield><subfield code="0">(uri) http://id.loc.gov/authorities/subjects/sh85031329</subfield></datafield><datafield tag="651" ind1=" " ind2="0"><subfield code="a">Switzerland</subfield><subfield code="x">History</subfield><subfield code="y">Under Mediation act, 1803-1814.</subfield><subfield code="0">(uri) http://id.loc.gov/authorities/subjects/sh85131325</subfield></datafield><datafield tag="600" ind1="0" ind2="0"><subfield code="a">Napoleon</subfield><subfield code="b">I,</subfield><subfield code="c">Emperor of the French,</subfield><subfield code="d">1769-1821</subfield><subfield code="x">Relations with Swiss.</subfield><subfield code="0">(uri) http://id.loc.gov/authorities/names/n79054933</subfield><subfield code="0">(uri) http://viaf.org/viaf/sourceID/LC|n79054933</subfield></datafield><datafield tag="651" ind1=" " ind2="0"><subfield code="a">Vaud (Switzerland)</subfield><subfield code="x">History.</subfield><subfield code="0">(uri) http://id.loc.gov/authorities/subjects/sh00005218</subfield></datafield><datafield tag="700" ind1="1" ind2=" "><subfield code="a">Chuard, Corinne.</subfield><subfield code="0">(uri) http://id.loc.gov/authorities/names/nr88003942</subfield><subfield code="0">(uri) http://viaf.org/viaf/sourceID/LC|nr88003942</subfield></datafield><datafield tag="830" ind1=" " ind2="0"><subfield code="a">Bibliothèque historique vaudoise</subfield><subfield code="x">0067-8406 ;</subfield><subfield code="v">no 122</subfield></datafield><datafield tag="998" ind1=" " ind2=" "><subfield code="c">mcp sve 2005/10/18</subfield></datafield><datafield tag="958" ind1=" " ind2=" "><subfield code="a">MiU</subfield></datafield><datafield tag="995" ind1=" " ind2=" "><subfield code="a">20</subfield></datafield><datafield tag="BIB" ind1=" " ind2=" "><subfield code="u">2021-08-21 04:36:01 US/Eastern</subfield><subfield code="c">2021-06-21 16:56:10 US/Eastern</subfield></datafield><datafield tag="852" ind1="0" ind2=" "><subfield code="b">HATCH</subfield><subfield code="a">MiU</subfield><subfield code="c">GRAD</subfield><subfield code="h">DQ 739.5 .V38 2002</subfield><subfield code="8">22951118930006381</subfield></datafield><datafield tag="974" ind1=" " ind2=" "><subfield code="8">22951118930006381</subfield><subfield code="f">1</subfield><subfield code="c">GRAD</subfield><subfield code="m">BOOK</subfield><subfield code="a">39015058849491</subfield><subfield code="e">GRAD</subfield><subfield code="u">mdp.39015058849491 ic 20200504</subfield><subfield code="7">23951118900006381</subfield><subfield code="p">01</subfield><subfield code="r">2004-01-28 10:59:00</subfield><subfield code="h">DQ 739.5 .V38 2002</subfield><subfield code="d">HATCH</subfield><subfield code="b">HATCH</subfield></datafield></record>