<record><leader>     nam a22002651a 4500</leader><controlfield tag="005">19900129000000.0</controlfield><controlfield tag="008">900129s1988    sw b     b    10000 eng d</controlfield><controlfield tag="001">990018230200106381</controlfield><datafield tag="035" ind1=" " ind2=" "><subfield code="a">(MiU)001823020MIU01</subfield></datafield><datafield tag="020" ind1=" " ind2=" "><subfield code="a">9171829032</subfield><subfield code="0">(uri) http://www.isbnsearch.org/isbn/9171829032</subfield></datafield><datafield tag="035" ind1=" " ind2=" "><subfield code="a">(RLIN)MIUG90-B2585</subfield></datafield><datafield tag="035" ind1=" " ind2=" "><subfield code="a">(OCoLC)ocm20676528</subfield><subfield code="0">(uri) http://www.worldcat.org/oclc/20676528</subfield></datafield><datafield tag="040" ind1=" " ind2=" "><subfield code="c">MiU</subfield><subfield code="d">MiU</subfield></datafield><datafield tag="043" ind1=" " ind2=" "><subfield code="a">e-sz---</subfield></datafield><datafield tag="245" ind1="0" ind2="0"><subfield code="a">Neutrals in Europe :</subfield><subfield code="b">Switzerland : papers presented to a seminar on neutrals finding a role in postwar Europe : the case of Switzerland /</subfield><subfield code="c">organized by the Swedish Insitute of International Affairs, May 27, 1988 ; editors: Bo Huldt and Atis Lejins.</subfield></datafield><datafield tag="260" ind1=" " ind2=" "><subfield code="a">Stockholm :</subfield><subfield code="b">The Institute,</subfield><subfield code="c">c1988.</subfield></datafield><datafield tag="300" ind1=" " ind2=" "><subfield code="a">iii, 67 p. :</subfield><subfield code="b">maps ;</subfield><subfield code="c">21 cm.</subfield></datafield><datafield tag="490" ind1="1" ind2=" "><subfield code="a">Conference papers /Utrikespolitiska institutet,</subfield><subfield code="x">0349-7789 ;</subfield><subfield code="v">no. 10</subfield></datafield><datafield tag="504" ind1=" " ind2=" "><subfield code="a">Includes bibliographical references.</subfield></datafield><datafield tag="651" ind1=" " ind2="0"><subfield code="a">Switzerland</subfield><subfield code="x">Politics and government</subfield><subfield code="y">1945-</subfield><subfield code="0">(uri) http://id.loc.gov/authorities/subjects/sh85131343</subfield></datafield><datafield tag="650" ind1=" " ind2="0"><subfield code="a">Neutrality.</subfield><subfield code="0">(uri) http://id.loc.gov/authorities/subjects/sh85091195</subfield></datafield><datafield tag="700" ind1="1" ind2=" "><subfield code="a">Huldt, Bo,</subfield><subfield code="d">1941-</subfield></datafield><datafield tag="700" ind1="1" ind2=" "><subfield code="a">Lejin̦š, Atis.</subfield><subfield code="0">(uri) http://id.loc.gov/authorities/names/n82000381</subfield><subfield code="0">(uri) http://viaf.org/viaf/sourceID/LC|n82000381</subfield></datafield><datafield tag="830" ind1=" " ind2="0"><subfield code="a">Conference papers (Utrikespolitiska institutet (Sweden)) ;</subfield><subfield code="v">no. 10.</subfield><subfield code="0">(uri) http://id.loc.gov/authorities/names/n42008091</subfield><subfield code="0">(uri) http://viaf.org/viaf/sourceID/LC|n42008091</subfield></datafield><datafield tag="998" ind1=" " ind2=" "><subfield code="c">ORI</subfield><subfield code="s">9114</subfield></datafield><datafield tag="958" ind1=" " ind2=" "><subfield code="a">MiU</subfield></datafield><datafield tag="959" ind1=" " ind2=" "><subfield code="a">(notis)ULAHV0045</subfield></datafield><datafield tag="995" ind1=" " ind2=" "><subfield code="a">20</subfield></datafield><datafield tag="BIB" ind1=" " ind2=" "><subfield code="u">2021-08-21 04:35:58 US/Eastern</subfield><subfield code="c">2021-06-21 16:56:10 US/Eastern</subfield></datafield><datafield tag="852" ind1="0" ind2=" "><subfield code="b">HATCH</subfield><subfield code="a">MiU</subfield><subfield code="c">GRAD</subfield><subfield code="h">DQ 208 .N4911 1988</subfield><subfield code="8">22951100470006381</subfield></datafield><datafield tag="974" ind1=" " ind2=" "><subfield code="8">22951100470006381</subfield><subfield code="f">1</subfield><subfield code="c">GRAD</subfield><subfield code="m">BOOK</subfield><subfield code="a">39015015320388</subfield><subfield code="e">GRAD</subfield><subfield code="u">mdp.39015015320388 ic 20200908</subfield><subfield code="7">23951100460006381</subfield><subfield code="p">01</subfield><subfield code="r">1990-12-06 10:59:00</subfield><subfield code="h">DQ 208 .N4911 1988</subfield><subfield code="d">HATCH</subfield><subfield code="b">HATCH</subfield></datafield></record>