<record><leader>00000cam a2200481 i 4500</leader><controlfield tag="005">20150928121242.0</controlfield><controlfield tag="008">150407s2015    ko       b    000 0 kor  </controlfield><controlfield tag="001">990135388950106381</controlfield><datafield tag="035" ind1=" " ind2=" "><subfield code="a">(MiU)013538895MIU01</subfield></datafield><datafield tag="010" ind1=" " ind2=" "><subfield code="a">2015423064</subfield></datafield><datafield tag="020" ind1=" " ind2=" "><subfield code="a">9791185877990</subfield><subfield code="0">(uri) http://www.isbnsearch.org/isbn/9791185877990</subfield></datafield><datafield tag="035" ind1=" " ind2=" "><subfield code="a">(OCoLC)910311718</subfield><subfield code="0">(uri) http://www.worldcat.org/oclc/910311718</subfield></datafield><datafield tag="035" ind1=" " ind2=" "><subfield code="a">(OCoLC)ocn910311718</subfield><subfield code="0">(uri) http://www.worldcat.org/oclc/910311718</subfield></datafield><datafield tag="040" ind1=" " ind2=" "><subfield code="a">DLC</subfield><subfield code="b">eng</subfield><subfield code="e">rda</subfield><subfield code="c">DLC</subfield><subfield code="d">OCLCO</subfield><subfield code="d">OCLCF</subfield><subfield code="d">OCLCO</subfield></datafield><datafield tag="042" ind1=" " ind2=" "><subfield code="a">pcc</subfield></datafield><datafield tag="043" ind1=" " ind2=" "><subfield code="a">a-kr---</subfield></datafield><datafield tag="050" ind1="0" ind2="0"><subfield code="a">PL992.415.H895</subfield><subfield code="b">Z95 2015</subfield></datafield><datafield tag="099" ind1=" " ind2=" "><subfield code="a">PL 992.415 .H895 Z95 2015</subfield></datafield><datafield tag="100" ind1="1" ind2=" "><subfield code="6">880-01</subfield><subfield code="a">Yu, Sŏng-ho,</subfield><subfield code="d">1964-</subfield><subfield code="0">(uri) http://id.loc.gov/authorities/names/nr2001002695</subfield><subfield code="0">(uri) http://viaf.org/viaf/sourceID/LC|nr2001002695</subfield></datafield><datafield tag="245" ind1="1" ind2="0"><subfield code="6">880-02</subfield><subfield code="a">Tahyŏng Kim Hyŏn-sŭng si yŏn'gu =</subfield><subfield code="b">A study on poem of Kim, Hyun-Seung /</subfield><subfield code="c">Yu Sŏng-ho.</subfield></datafield><datafield tag="246" ind1="3" ind2="1"><subfield code="a">study on poem of Kim, Hyun-Seung</subfield></datafield><datafield tag="250" ind1=" " ind2=" "><subfield code="6">880-03</subfield><subfield code="a">Ch'op'an.</subfield></datafield><datafield tag="264" ind1=" " ind2="1"><subfield code="6">880-04</subfield><subfield code="a">Sŏul-si :</subfield><subfield code="b">Somyŏng Ch'ulp'an,</subfield><subfield code="c">2015.</subfield></datafield><datafield tag="300" ind1=" " ind2=" "><subfield code="a">278 pages ;</subfield><subfield code="c">24 cm.</subfield></datafield><datafield tag="336" ind1=" " ind2=" "><subfield code="a">text</subfield><subfield code="2">rdacontent</subfield></datafield><datafield tag="337" ind1=" " ind2=" "><subfield code="a">unmediated</subfield><subfield code="2">rdamedia</subfield></datafield><datafield tag="338" ind1=" " ind2=" "><subfield code="a">volume</subfield><subfield code="2">rdacarrier</subfield></datafield><datafield tag="490" ind1="0" ind2=" "><subfield code="6">880-05</subfield><subfield code="a">Yŏnse kŭndae Han'gukhak ch'ongsŏ ;</subfield><subfield code="v">101 L-083</subfield></datafield><datafield tag="504" ind1=" " ind2=" "><subfield code="a">Includes bibliographical references (pages 271-276).</subfield></datafield><datafield tag="600" ind1="1" ind2="0"><subfield code="6">880-06</subfield><subfield code="a">Kim, Hyŏn-sŭng,</subfield><subfield code="d">1913-1975</subfield><subfield code="x">Criticism and interpretation.</subfield><subfield code="0">(uri) http://id.loc.gov/authorities/names/n82251430</subfield><subfield code="0">(uri) http://viaf.org/viaf/sourceID/LC|n82251430</subfield></datafield><datafield tag="650" ind1=" " ind2="0"><subfield code="a">Korean poetry</subfield><subfield code="y">20th century</subfield><subfield code="x">History and criticism.</subfield><subfield code="0">(uri) http://id.loc.gov/authorities/subjects/sh2008106340</subfield></datafield><datafield tag="600" ind1="1" ind2="7"><subfield code="a">Kim, Hyŏn-sŭng,</subfield><subfield code="d">1913-1975.</subfield><subfield code="2">fast</subfield><subfield code="0">(OCoLC)fst00125001</subfield><subfield code="0">(uri) http://id.worldcat.org/fast/fst00125001</subfield></datafield><datafield tag="650" ind1=" " ind2="7"><subfield code="a">Korean poetry.</subfield><subfield code="2">fast</subfield><subfield code="0">(OCoLC)fst00988881</subfield><subfield code="0">(uri) http://id.worldcat.org/fast/fst00988881</subfield></datafield><datafield tag="648" ind1=" " ind2="7"><subfield code="a">1900 - 1999</subfield><subfield code="2">fast</subfield></datafield><datafield tag="655" ind1=" " ind2="7"><subfield code="a">Criticism, interpretation, etc.</subfield><subfield code="2">fast</subfield><subfield code="0">(OCoLC)fst01411635</subfield><subfield code="0">(uri) http://id.worldcat.org/fast/fst01411635</subfield></datafield><datafield tag="880" ind1="1" ind2=" "><subfield code="6">100-01/</subfield><subfield code="a">유 성호,</subfield><subfield code="d">1964-</subfield></datafield><datafield tag="880" ind1="1" ind2="0"><subfield code="6">245-02/</subfield><subfield code="a">다형 김 현승 시 연구 =</subfield><subfield code="b">A study on poem of Kim, Hyun-Seung /</subfield><subfield code="c">유 성호.</subfield></datafield><datafield tag="880" ind1=" " ind2=" "><subfield code="6">250-03/</subfield><subfield code="a">초판.</subfield></datafield><datafield tag="880" ind1=" " ind2="1"><subfield code="6">264-04/</subfield><subfield code="a">서울시 :</subfield><subfield code="b">소명 출판,</subfield><subfield code="c">2015.</subfield></datafield><datafield tag="880" ind1="0" ind2=" "><subfield code="6">490-05/</subfield><subfield code="a">연세 근대 한국학 총서 ;</subfield><subfield code="v">101 L-083</subfield></datafield><datafield tag="880" ind1="1" ind2="4"><subfield code="6">600-06/</subfield><subfield code="a">김 현승,</subfield><subfield code="d">1913-1975</subfield><subfield code="x">Criticism and interpretation.</subfield></datafield><datafield tag="997" ind1=" " ind2=" "><subfield code="a">MARS</subfield></datafield><datafield tag="998" ind1=" " ind2=" "><subfield code="c">shybaek-asia CopyCat20150928</subfield></datafield><datafield tag="958" ind1=" " ind2=" "><subfield code="a">MiU</subfield></datafield><datafield tag="995" ind1=" " ind2=" "><subfield code="a">20</subfield></datafield><datafield tag="BIB" ind1=" " ind2=" "><subfield code="u">2021-08-21 04:35:31 US/Eastern</subfield><subfield code="c">2021-06-21 16:55:59 US/Eastern</subfield></datafield><datafield tag="852" ind1="0" ind2=" "><subfield code="b">HATCH</subfield><subfield code="a">MiU</subfield><subfield code="c">ASIA</subfield><subfield code="h">PL 992.415 .H895 Z95 2015</subfield><subfield code="8">22950988870006381</subfield></datafield><datafield tag="974" ind1=" " ind2=" "><subfield code="8">22950988870006381</subfield><subfield code="f">1</subfield><subfield code="c">ASIA</subfield><subfield code="m">BOOK</subfield><subfield code="a">39015094958595</subfield><subfield code="e">ASIA</subfield><subfield code="7">23950988860006381</subfield><subfield code="p">01</subfield><subfield code="r">2015-06-12 10:59:00</subfield><subfield code="h">PL 992.415 .H895 Z95 2015</subfield><subfield code="d">HATCH</subfield><subfield code="b">HATCH</subfield></datafield></record>