<record><leader>     nam a22002291  4500</leader><controlfield tag="005">19890208000000.0</controlfield><controlfield tag="008">890208s1951    ge            00000 ger  </controlfield><controlfield tag="001">990010354020106381</controlfield><datafield tag="035" ind1=" " ind2=" "><subfield code="a">(MiU)001035402MIU01</subfield></datafield><datafield tag="010" ind1=" " ind2=" "><subfield code="a">52039128</subfield></datafield><datafield tag="035" ind1=" " ind2=" "><subfield code="a">(CaOTULAS)176074770</subfield></datafield><datafield tag="035" ind1=" " ind2=" "><subfield code="a">(SAZTEC)108406390</subfield></datafield><datafield tag="035" ind1=" " ind2=" "><subfield code="a">(OCoLC)ocm09449253</subfield><subfield code="0">(uri) http://www.worldcat.org/oclc/09449253</subfield></datafield><datafield tag="040" ind1=" " ind2=" "><subfield code="a">DLC</subfield><subfield code="c">OSU</subfield></datafield><datafield tag="100" ind1="1" ind2=" "><subfield code="a">Nowacki, Werner.</subfield><subfield code="0">(uri) http://id.loc.gov/authorities/names/n88633018</subfield><subfield code="0">(uri) http://viaf.org/viaf/sourceID/LC|n88633018</subfield></datafield><datafield tag="245" ind1="1" ind2="0"><subfield code="a">Moderne allgemeine Mineralogie (Kristallographie)</subfield></datafield><datafield tag="260" ind1=" " ind2=" "><subfield code="a">Braunschweig :</subfield><subfield code="b">F. Vieweg,</subfield><subfield code="c">l95l.</subfield></datafield><datafield tag="300" ind1=" " ind2=" "><subfield code="a">64 p. :</subfield><subfield code="b">ill. ;</subfield><subfield code="c">21 cm.</subfield></datafield><datafield tag="490" ind1="1" ind2=" "><subfield code="a">Sammlung Vieweg.</subfield><subfield code="v">Heft 123</subfield></datafield><datafield tag="504" ind1=" " ind2=" "><subfield code="a">Bibliography: p. 63-64.</subfield></datafield><datafield tag="650" ind1=" " ind2="0"><subfield code="a">Crystallography</subfield><subfield code="0">(uri) http://id.loc.gov/authorities/subjects/sh85034498</subfield></datafield><datafield tag="830" ind1=" " ind2="0"><subfield code="a">Sammlung Vieweg ;</subfield><subfield code="v">Heft 123</subfield><subfield code="0">https://open-na.hosted.exlibrisgroup.com/alma/01UMICH_INST/authorities/98187430350806381.jsonld</subfield></datafield><datafield tag="998" ind1=" " ind2=" "><subfield code="c">UTL</subfield><subfield code="s">9662</subfield></datafield><datafield tag="958" ind1=" " ind2=" "><subfield code="a">MiU</subfield></datafield><datafield tag="959" ind1=" " ind2=" "><subfield code="a">(notis)ULAEK6042</subfield></datafield><datafield tag="995" ind1=" " ind2=" "><subfield code="a">20</subfield></datafield><datafield tag="BIB" ind1=" " ind2=" "><subfield code="u">2021-08-21 04:35:50 US/Eastern</subfield><subfield code="c">2021-06-21 16:54:12 US/Eastern</subfield></datafield><datafield tag="852" ind1="0" ind2=" "><subfield code="b">BUHR</subfield><subfield code="a">MiU</subfield><subfield code="c">MAIN</subfield><subfield code="h">QD 905 .N95</subfield><subfield code="8">22950381160006381</subfield></datafield><datafield tag="974" ind1=" " ind2=" "><subfield code="8">22950381160006381</subfield><subfield code="f">1</subfield><subfield code="c">MAIN</subfield><subfield code="m">BOOK</subfield><subfield code="a">39015069593955</subfield><subfield code="i">Buhr B 15566</subfield><subfield code="e">MAIN</subfield><subfield code="u">mdp.39015069593955 ic 20210425</subfield><subfield code="7">23950381150006381</subfield><subfield code="p">02</subfield><subfield code="r">1992-08-19 10:59:00</subfield><subfield code="h">QD 905 .N95</subfield><subfield code="d">BUHR</subfield><subfield code="b">BUHR</subfield></datafield></record>