<record><leader>00000cam a2200421 a 4500</leader><controlfield tag="005">20100125150530.0</controlfield><controlfield tag="008">090908s2009    enka     b    001 0 eng  </controlfield><controlfield tag="001">990074694700106381</controlfield><datafield tag="035" ind1=" " ind2=" "><subfield code="a">(MiU)007469470MIU01</subfield></datafield><datafield tag="010" ind1=" " ind2=" "><subfield code="a">2009037329</subfield></datafield><datafield tag="020" ind1=" " ind2=" "><subfield code="a">9781847884862</subfield><subfield code="q">(cloth)</subfield><subfield code="0">(uri) http://www.isbnsearch.org/isbn/9781847884862</subfield></datafield><datafield tag="020" ind1=" " ind2=" "><subfield code="a">1847884865</subfield><subfield code="q">(cloth)</subfield><subfield code="0">(uri) http://www.isbnsearch.org/isbn/1847884865</subfield></datafield><datafield tag="020" ind1=" " ind2=" "><subfield code="a">9781847884855</subfield><subfield code="q">(paper)</subfield><subfield code="0">(uri) http://www.isbnsearch.org/isbn/9781847884855</subfield></datafield><datafield tag="020" ind1=" " ind2=" "><subfield code="a">1847884857</subfield><subfield code="q">(paper)</subfield><subfield code="0">(uri) http://www.isbnsearch.org/isbn/1847884857</subfield></datafield><datafield tag="035" ind1=" " ind2=" "><subfield code="a">(OCoLC)430839451</subfield><subfield code="0">(uri) http://www.worldcat.org/oclc/430839451</subfield></datafield><datafield tag="035" ind1=" " ind2=" "><subfield code="a">(coutts)cts11337290</subfield></datafield><datafield tag="040" ind1=" " ind2=" "><subfield code="a">DLC</subfield><subfield code="c">DLC</subfield><subfield code="d">BTCTA</subfield><subfield code="d">BWKUK</subfield><subfield code="d">BWX</subfield><subfield code="d">YDXCP</subfield><subfield code="d">CDX</subfield></datafield><datafield tag="043" ind1=" " ind2=" "><subfield code="a">n-us---</subfield></datafield><datafield tag="050" ind1="0" ind2="0"><subfield code="a">PN1995.9.S6</subfield><subfield code="b">S88 2009</subfield></datafield><datafield tag="082" ind1="0" ind2="0"><subfield code="a">302.23/43</subfield><subfield code="2">22</subfield></datafield><datafield tag="100" ind1="1" ind2=" "><subfield code="a">Sutton, David E.</subfield><subfield code="q">(David Evan)</subfield><subfield code="0">(uri) http://id.loc.gov/authorities/names/no98107165</subfield><subfield code="0">(uri) http://viaf.org/viaf/sourceID/LC|no98107165</subfield></datafield><datafield tag="245" ind1="1" ind2="0"><subfield code="a">Hollywood blockbusters :</subfield><subfield code="b">the anthropology of popular movies /</subfield><subfield code="c">David Sutton and Peter Wogan.</subfield></datafield><datafield tag="250" ind1=" " ind2=" "><subfield code="a">English ed.</subfield></datafield><datafield tag="260" ind1=" " ind2=" "><subfield code="a">Oxford ;</subfield><subfield code="a">New York :</subfield><subfield code="b">Berg,</subfield><subfield code="c">2009.</subfield></datafield><datafield tag="300" ind1=" " ind2=" "><subfield code="a">xi, 178 p. :</subfield><subfield code="b">ill. ;</subfield><subfield code="c">25 cm.</subfield></datafield><datafield tag="504" ind1=" " ind2=" "><subfield code="a">Includes bibliographical references and indexes.</subfield></datafield><datafield tag="505" ind1="0" ind2=" "><subfield code="a">The godfather : the gun, the pen, and the cannoli -- Field of dreams : foul balls and blurry lines -- The big Lebowski : bowling, gender, temporality, and other "what-have-you's" -- The village : egalitarianism and the political anthropology of the possible -- Jaws : knowing the shark.</subfield></datafield><datafield tag="520" ind1=" " ind2=" "><subfield code="a">"Certain Hollywood movies are now so deeply woven into the cultural fabric that lines of their dialogue - for example, 'Make him an offer he can't refuse' - have been incorporated into everyday discourse. The films explored in this book, which include The Godfather, Jaws, The Big Lebowski, Field of Dreams and The Village, have become important cultural myths, fascinating windows into the schisms, tensions, and problems of American culture. Hollywood Blockbusters: The Anthropology of Popular Movies uses anthropology to understand why these movies have such enduring appeal in this age of fragmented audiences and ever-faster spin cycles. Exploring key anthropological issues from ritual, kinship, gift giving and totemism to literacy, stereotypes, boundaries and warfare, this fascinating book uncovers new insights into the significance of modern film classics for students of film, media, anthropology and American cultural studies"--Provided by publisher.</subfield></datafield><datafield tag="650" ind1=" " ind2="0"><subfield code="a">Motion pictures</subfield><subfield code="x">Social aspects</subfield><subfield code="z">United States.</subfield><subfield code="0">(uri) http://id.loc.gov/authorities/subjects/sh2008108003</subfield></datafield><datafield tag="650" ind1=" " ind2="0"><subfield code="a">Culture in motion pictures.</subfield><subfield code="0">(uri) http://id.loc.gov/authorities/subjects/sh2006008250</subfield></datafield><datafield tag="650" ind1=" " ind2="0"><subfield code="a">Popular culture</subfield><subfield code="z">United States</subfield><subfield code="x">History</subfield><subfield code="y">20th century.</subfield><subfield code="0">(uri) http://id.loc.gov/authorities/subjects/sh2008109606</subfield></datafield><datafield tag="700" ind1="1" ind2=" "><subfield code="a">Wogan, Peter.</subfield><subfield code="0">(uri) http://id.loc.gov/authorities/names/n2003094694</subfield><subfield code="0">(uri) http://viaf.org/viaf/sourceID/LC|n2003094694</subfield></datafield><datafield tag="997" ind1=" " ind2=" "><subfield code="a">MARS</subfield></datafield><datafield tag="958" ind1=" " ind2=" "><subfield code="a">MiU</subfield></datafield><datafield tag="029" ind1="1" ind2=" "><subfield code="a">CDX</subfield><subfield code="b">9934035</subfield></datafield><datafield tag="029" ind1="1" ind2=" "><subfield code="a">CDX</subfield><subfield code="b">9934037</subfield></datafield><datafield tag="029" ind1="1" ind2=" "><subfield code="a">AU@</subfield><subfield code="b">000045057028</subfield></datafield><datafield tag="937" ind1=" " ind2=" "><subfield code="a">11337290</subfield></datafield><datafield tag="955" ind1="0" ind2=" "><subfield code="0">cts11337290</subfield><subfield code="a">MiU</subfield><subfield code="h">PN1995.9.S6 S88 2009</subfield><subfield code="p">39015084201675</subfield></datafield><datafield tag="980" ind1=" " ind2=" "><subfield code="e">29.95</subfield><subfield code="f">11337290</subfield></datafield><datafield tag="995" ind1=" " ind2=" "><subfield code="a">20</subfield></datafield><datafield tag="BIB" ind1=" " ind2=" "><subfield code="u">2021-08-21 04:36:10 US/Eastern</subfield><subfield code="c">2021-06-21 14:59:06 US/Eastern</subfield></datafield><datafield tag="852" ind1="0" ind2=" "><subfield code="b">HATCH</subfield><subfield code="a">MiU</subfield><subfield code="c">GRAD</subfield><subfield code="h">PN1995.9.S6 S88 2009</subfield><subfield code="8">22917519060006381</subfield></datafield><datafield tag="974" ind1=" " ind2=" "><subfield code="8">22917519060006381</subfield><subfield code="f">1</subfield><subfield code="c">GRAD</subfield><subfield code="m">BOOK</subfield><subfield code="a">39015084201675</subfield><subfield code="e">GRAD</subfield><subfield code="7">23917519050006381</subfield><subfield code="p">01</subfield><subfield code="r">2010-02-04 10:59:00</subfield><subfield code="h">PN1995.9.S6 S88 2009</subfield><subfield code="d">HATCH</subfield><subfield code="b">HATCH</subfield></datafield></record>