<record><leader>     nam a2200265 a 4500</leader><controlfield tag="005">20030505000000.0</controlfield><controlfield tag="008">030505s2002    be a     b    000 0 fre c</controlfield><controlfield tag="001">990038393970106381</controlfield><datafield tag="035" ind1=" " ind2=" "><subfield code="a">(MiU)003839397MIU01</subfield></datafield><datafield tag="035" ind1=" " ind2=" "><subfield code="a">(OCoLC)ocm51618337</subfield><subfield code="0">(uri) http://www.worldcat.org/oclc/51618337</subfield></datafield><datafield tag="040" ind1=" " ind2=" "><subfield code="a">CGU</subfield><subfield code="c">CGU</subfield><subfield code="d">EYM</subfield></datafield><datafield tag="042" ind1=" " ind2=" "><subfield code="a">pcc</subfield></datafield><datafield tag="050" ind1=" " ind2="4"><subfield code="a">Q185</subfield><subfield code="b">.R37 2002</subfield></datafield><datafield tag="100" ind1="1" ind2=" "><subfield code="a">Rasquin, Victor,</subfield><subfield code="d">1921-</subfield><subfield code="0">(uri) http://id.loc.gov/authorities/names/no2003020159</subfield><subfield code="0">(uri) http://viaf.org/viaf/sourceID/LC|no2003020159</subfield></datafield><datafield tag="245" ind1="1" ind2="4"><subfield code="a">Les instruments scientifiques dans les collections de Charles de Lorraine :</subfield><subfield code="b">édition annotée de l'inventaire après décès et du catalogue de vente /</subfield><subfield code="c">Victor Rasquin.</subfield></datafield><datafield tag="260" ind1=" " ind2=" "><subfield code="a">Bruxelles :</subfield><subfield code="b">Bibliothèque Royale de Belgique,</subfield><subfield code="c">2002.</subfield></datafield><datafield tag="300" ind1=" " ind2=" "><subfield code="a">xv, 106 p. :</subfield><subfield code="b">ill. ;</subfield><subfield code="c">24 cm.</subfield></datafield><datafield tag="490" ind1="1" ind2=" "><subfield code="a">Archives et bibliothèques de Belgique. Numéro spécial ;</subfield><subfield code="v">66</subfield></datafield><datafield tag="504" ind1=" " ind2=" "><subfield code="a">Includes bibliographical references (p. 1-6).</subfield></datafield><datafield tag="600" ind1="0" ind2="0"><subfield code="a">Charles Alexandre,</subfield><subfield code="c">duc de Lorraine,</subfield><subfield code="d">1712-1780.</subfield><subfield code="0">(uri) http://id.loc.gov/authorities/names/n82104623</subfield><subfield code="0">(uri) http://viaf.org/viaf/sourceID/LC|n82104623</subfield></datafield><datafield tag="650" ind1=" " ind2="0"><subfield code="a">Scientific apparatus and instruments.</subfield><subfield code="0">(uri) http://id.loc.gov/authorities/subjects/sh85118677</subfield></datafield><datafield tag="610" ind1="2" ind2="0"><subfield code="a">Bibliothèque royale de Belgique</subfield><subfield code="v">Exhibitions.</subfield><subfield code="0">(uri) http://id.loc.gov/authorities/names/n79053665</subfield><subfield code="0">(uri) http://viaf.org/viaf/sourceID/LC|n79053665</subfield></datafield><datafield tag="830" ind1=" " ind2="0"><subfield code="a">Archives et bibliothèques de Belgique (Brussels, Belgium : 1963).</subfield><subfield code="p">Numéro spécial ;</subfield><subfield code="v">66.</subfield><subfield code="0">https://open-na.hosted.exlibrisgroup.com/alma/01UMICH_INST/authorities/98187431074206381.jsonld</subfield></datafield><datafield tag="998" ind1=" " ind2=" "><subfield code="c">mcp jb</subfield></datafield><datafield tag="958" ind1=" " ind2=" "><subfield code="a">MiU</subfield></datafield><datafield tag="959" ind1=" " ind2=" "><subfield code="a">(notis)ULAUP1921</subfield></datafield><datafield tag="995" ind1=" " ind2=" "><subfield code="a">20</subfield></datafield><datafield tag="BIB" ind1=" " ind2=" "><subfield code="u">2021-08-21 04:36:03 US/Eastern</subfield><subfield code="c">2021-06-21 14:58:47 US/Eastern</subfield></datafield><datafield tag="852" ind1="0" ind2=" "><subfield code="b">BUHR</subfield><subfield code="a">MiU</subfield><subfield code="c">MAIN</subfield><subfield code="h">Z 671 .A653 no.66</subfield><subfield code="8">22917412700006381</subfield></datafield><datafield tag="974" ind1=" " ind2=" "><subfield code="8">22917412700006381</subfield><subfield code="f">1</subfield><subfield code="c">MAIN</subfield><subfield code="m">BOOK</subfield><subfield code="a">39015056270971</subfield><subfield code="i">Buhr B 1954063</subfield><subfield code="e">MAIN</subfield><subfield code="u">mdp.39015056270971 ic 20200517</subfield><subfield code="7">23917412690006381</subfield><subfield code="z">no.66 2002</subfield><subfield code="p">01</subfield><subfield code="r">2003-05-06 10:59:00</subfield><subfield code="h">Z 671 .A653 no.66</subfield><subfield code="d">BUHR</subfield><subfield code="b">BUHR</subfield></datafield></record>