<record><leader>00000ngm a2200421 a 4500</leader><controlfield tag="005">20131022135517.0</controlfield><controlfield tag="007">vd mvaizu</controlfield><controlfield tag="008">040209s2003    nyu055            vleng d</controlfield><controlfield tag="001">990043565780106381</controlfield><datafield tag="035" ind1=" " ind2=" "><subfield code="a">(MiU)004356578MIU01</subfield></datafield><datafield tag="035" ind1=" " ind2=" "><subfield code="a">(OCoLC)ocm54008663</subfield><subfield code="0">(uri) http://www.worldcat.org/oclc/54008663</subfield></datafield><datafield tag="035" ind1=" " ind2=" "><subfield code="a">(III)iiio42605003</subfield></datafield><datafield tag="040" ind1=" " ind2=" "><subfield code="a">IBS</subfield><subfield code="c">IBS</subfield><subfield code="d">EYM</subfield></datafield><datafield tag="043" ind1=" " ind2=" "><subfield code="a">n-us-ca</subfield><subfield code="a">n-us-hi</subfield></datafield><datafield tag="090" ind1=" " ind2=" "><subfield code="a">GV1796.H8</subfield><subfield code="b">A54 2003</subfield></datafield><datafield tag="099" ind1=" " ind2=" "><subfield code="a">VIDEO-D 61884-D</subfield></datafield><datafield tag="245" ind1="0" ind2="0"><subfield code="a">American aloha</subfield><subfield code="h">[videorecording] :</subfield><subfield code="b">hula beyond Hawaiʻi /</subfield><subfield code="c">director/coproducer, Evann Siebens ; producer/codirector/writer, Lisette Marie Flanary ; produced by Bluestocking Films, Inc.</subfield></datafield><datafield tag="246" ind1="3" ind2="0"><subfield code="a">Hula beyond Hawaiʻi</subfield></datafield><datafield tag="260" ind1=" " ind2=" "><subfield code="a">[New York] :</subfield><subfield code="b">Bluestocking Films,</subfield><subfield code="c">c2003.</subfield></datafield><datafield tag="300" ind1=" " ind2=" "><subfield code="a">1 videodisc (55 min.) :</subfield><subfield code="b">sd., col. with b&amp;w sequences ;</subfield><subfield code="c">4 3/4 in.</subfield></datafield><datafield tag="540" ind1=" " ind2=" "><subfield code="a">U. Michigan Public Performance Rights obtained</subfield></datafield><datafield tag="538" ind1=" " ind2=" "><subfield code="a">DVD.</subfield></datafield><datafield tag="500" ind1=" " ind2=" "><subfield code="a">"Produced in association with P.O.V./American Documentary, Inc., Independent Television Service (ITVS), Pacific Islanders in Communications (PIC)."</subfield></datafield><datafield tag="500" ind1=" " ind2=" "><subfield code="a">Originally broadcast as an episode of the PBS television program Point of view on Aug. 5, 2003.</subfield></datafield><datafield tag="520" ind1=" " ind2=" "><subfield code="a">Goes beyond the hula stereotypes promoted by Hollywood and tourism to examine the cultural and spiritual meaning of the hula and how hula tells the history of Hawaii through music, language, and dance. Focuses on the perpetuation of hula among Hawaiians living in California. Features three kumu hula, or master hula teachers, Sissy Kaio, Mark Kealiʻi Hoʻomalu, and Patrick Makuakāne.</subfield></datafield><datafield tag="650" ind1=" " ind2="0"><subfield code="a">Hula (Dance)</subfield><subfield code="0">(uri) http://id.loc.gov/authorities/subjects/sh85062822</subfield></datafield><datafield tag="650" ind1=" " ind2="0"><subfield code="a">Hawaiians</subfield><subfield code="z">California</subfield><subfield code="x">Social life and customs.</subfield><subfield code="0">(uri) http://id.loc.gov/authorities/subjects/sh85059379</subfield></datafield><datafield tag="700" ind1="1" ind2=" "><subfield code="a">Siebens, Evann.</subfield><subfield code="0">(uri) http://id.loc.gov/authorities/names/nr2006024808</subfield><subfield code="0">(uri) http://viaf.org/viaf/sourceID/LC|nr2006024808</subfield></datafield><datafield tag="700" ind1="1" ind2=" "><subfield code="a">Flanary, Lisette Marie.</subfield><subfield code="0">(uri) http://id.loc.gov/authorities/names/no2007048226</subfield><subfield code="0">(uri) http://viaf.org/viaf/sourceID/LC|no2007048226</subfield></datafield><datafield tag="700" ind1="1" ind2=" "><subfield code="a">Kaio, Sissy.</subfield><subfield code="0">(uri) http://id.loc.gov/authorities/names/no2007048221</subfield><subfield code="0">(uri) http://viaf.org/viaf/sourceID/LC|no2007048221</subfield></datafield><datafield tag="700" ind1="1" ind2=" "><subfield code="a">Hoʻomalu, Mark Kealiʻi.</subfield></datafield><datafield tag="700" ind1="1" ind2=" "><subfield code="a">Makuakāne, Patrick.</subfield><subfield code="0">(uri) http://id.loc.gov/authorities/names/no2007048223</subfield><subfield code="0">(uri) http://viaf.org/viaf/sourceID/LC|no2007048223</subfield></datafield><datafield tag="710" ind1="2" ind2=" "><subfield code="a">Bluestocking Films, Inc.</subfield><subfield code="0">(uri) http://id.loc.gov/authorities/names/no2018135890</subfield><subfield code="0">(uri) http://viaf.org/viaf/sourceID/LC|no2018135890</subfield></datafield><datafield tag="710" ind1="2" ind2=" "><subfield code="a">American Documentary, Inc.</subfield><subfield code="0">(uri) http://id.loc.gov/authorities/names/no00019530</subfield><subfield code="0">(uri) http://viaf.org/viaf/sourceID/LC|no00019530</subfield></datafield><datafield tag="710" ind1="2" ind2=" "><subfield code="a">Independent Television Service.</subfield><subfield code="0">(uri) http://id.loc.gov/authorities/names/no96008465</subfield><subfield code="0">(uri) http://viaf.org/viaf/sourceID/LC|no96008465</subfield></datafield><datafield tag="710" ind1="2" ind2=" "><subfield code="a">Pacific Islanders in Communications.</subfield><subfield code="0">(uri) http://id.loc.gov/authorities/names/nr97018599</subfield><subfield code="0">(uri) http://viaf.org/viaf/sourceID/LC|nr97018599</subfield></datafield><datafield tag="730" ind1="0" ind2=" "><subfield code="a">POV (Television program)</subfield><subfield code="0">(uri) http://id.loc.gov/authorities/names/no98100072</subfield><subfield code="0">(uri) http://viaf.org/viaf/sourceID/LC|no98100072</subfield></datafield><datafield tag="997" ind1=" " ind2=" "><subfield code="a">MARS</subfield></datafield><datafield tag="998" ind1=" " ind2=" "><subfield code="c">jpwagn-monorec CopyCat20131022</subfield></datafield><datafield tag="998" ind1=" " ind2=" "><subfield code="c">mcp rju</subfield></datafield><datafield tag="958" ind1=" " ind2=" "><subfield code="a">MiU</subfield></datafield><datafield tag="959" ind1=" " ind2=" "><subfield code="a">(notis)ULBCA9936</subfield></datafield><datafield tag="995" ind1=" " ind2=" "><subfield code="a">20</subfield></datafield><datafield tag="BIB" ind1=" " ind2=" "><subfield code="u">2021-08-21 04:35:44 US/Eastern</subfield><subfield code="c">2021-06-21 16:55:56 US/Eastern</subfield></datafield><datafield tag="852" ind1="4" ind2=" "><subfield code="b">MUSIC</subfield><subfield code="a">MiU</subfield><subfield code="c">DVD</subfield><subfield code="j">VIDEO-D M324</subfield><subfield code="8">22950956290006381</subfield></datafield><datafield tag="852" ind1="4" ind2=" "><subfield code="b">FVL</subfield><subfield code="a">MiU</subfield><subfield code="c">H1</subfield><subfield code="j">VIDEO-D 61884-D</subfield><subfield code="8">22950956260006381</subfield></datafield><datafield tag="974" ind1=" " ind2=" "><subfield code="8">22950956290006381</subfield><subfield code="f">1</subfield><subfield code="c">DVD</subfield><subfield code="m">OTHERVM</subfield><subfield code="a">39015056410700</subfield><subfield code="e">DVD</subfield><subfield code="7">23950956280006381</subfield><subfield code="p">02</subfield><subfield code="r">2004-01-21 10:59:00</subfield><subfield code="h">VIDEO-D M324</subfield><subfield code="d">MUSIC</subfield><subfield code="b">MUSIC</subfield></datafield><datafield tag="974" ind1=" " ind2=" "><subfield code="8">22950956260006381</subfield><subfield code="f">1</subfield><subfield code="c">H1</subfield><subfield code="m">OTHERVM</subfield><subfield code="a">39015089810926</subfield><subfield code="i">h32557</subfield><subfield code="e">H1</subfield><subfield code="7">23950956250006381</subfield><subfield code="p">01</subfield><subfield code="r">2013-10-08 10:59:00</subfield><subfield code="h">VIDEO-D 61884-D</subfield><subfield code="d">FVL</subfield><subfield code="b">FVL</subfield></datafield></record>