<record><leader>00000cam a2200709 i 4500</leader><controlfield tag="005">20200909075059.0</controlfield><controlfield tag="008">160415s2016    mdu      bc   001 0 eng  </controlfield><controlfield tag="001">990159330410106381</controlfield><datafield tag="035" ind1=" " ind2=" "><subfield code="a">(MiU)015933041MIU01</subfield></datafield><datafield tag="010" ind1=" " ind2=" "><subfield code="a">2016017928</subfield></datafield><datafield tag="020" ind1=" " ind2=" "><subfield code="a">9783791355344</subfield><subfield code="q">(hardback)</subfield><subfield code="0">(uri) http://www.isbnsearch.org/isbn/9783791355344</subfield></datafield><datafield tag="020" ind1=" " ind2=" "><subfield code="a">3791355341</subfield><subfield code="q">(hardback)</subfield><subfield code="0">(uri) http://www.isbnsearch.org/isbn/3791355341</subfield></datafield><datafield tag="035" ind1=" " ind2=" "><subfield code="a">(OCoLC)946482507</subfield><subfield code="z">(OCoLC)958945417</subfield><subfield code="0">(uri) http://www.worldcat.org/oclc/946482507</subfield><subfield code="0">(uri) http://www.worldcat.org/oclc/958945417</subfield></datafield><datafield tag="035" ind1=" " ind2=" "><subfield code="a">(OCoLC)ocn946482507</subfield><subfield code="0">(uri) http://www.worldcat.org/oclc/946482507</subfield></datafield><datafield tag="037" ind1=" " ind2=" "><subfield code="b">Prestel Pub, C/O Innovative Logistics 406 Wyckoff Mills rd E, East Windsor, NJ, USA, 08520, (732)3634511</subfield><subfield code="n">SAN 631-7758</subfield></datafield><datafield tag="040" ind1=" " ind2=" "><subfield code="a">DLC</subfield><subfield code="b">eng</subfield><subfield code="e">rda</subfield><subfield code="c">DLC</subfield><subfield code="d">BTCTA</subfield><subfield code="d">OCLCF</subfield><subfield code="d">CAM</subfield><subfield code="d">TEU</subfield><subfield code="d">CIA</subfield><subfield code="d">UBY</subfield><subfield code="d">YDX</subfield><subfield code="d">CHVBK</subfield><subfield code="d">GZM</subfield><subfield code="d">CUT</subfield><subfield code="d">NZAUC</subfield><subfield code="d">OCLCO</subfield><subfield code="d">UKTTE</subfield><subfield code="d">SFR</subfield><subfield code="d">OCLCA</subfield><subfield code="d">OCLCQ</subfield><subfield code="d">CTU</subfield><subfield code="d">GZN</subfield><subfield code="d">CNNGC</subfield></datafield><datafield tag="042" ind1=" " ind2=" "><subfield code="a">pcc</subfield></datafield><datafield tag="050" ind1="0" ind2="0"><subfield code="a">N6537.D447</subfield><subfield code="b">A4 2016</subfield></datafield><datafield tag="080" ind1=" " ind2=" "><subfield code="a">USA-BAL-MUS</subfield></datafield><datafield tag="082" ind1="0" ind2="0"><subfield code="a">709.2/2</subfield><subfield code="2">23</subfield></datafield><datafield tag="084" ind1=" " ind2=" "><subfield code="a">ART016030</subfield><subfield code="a">ART006010</subfield><subfield code="2">bisacsh</subfield></datafield><datafield tag="245" ind1="0" ind2="0"><subfield code="a">Matisse/Diebenkorn /</subfield><subfield code="c">edited by Janet Bishop and Katherine Rothkopf.</subfield></datafield><datafield tag="246" ind1="3" ind2="0"><subfield code="a">Matisse</subfield></datafield><datafield tag="246" ind1="3" ind2=" "><subfield code="a">Diebenkorn</subfield></datafield><datafield tag="264" ind1=" " ind2="1"><subfield code="a">Baltimore, Maryland :</subfield><subfield code="b">The Baltimore Museum of Art,</subfield><subfield code="c">2016.</subfield></datafield><datafield tag="300" ind1=" " ind2=" "><subfield code="a">183 pages ;</subfield><subfield code="c">29 cm</subfield></datafield><datafield tag="336" ind1=" " ind2=" "><subfield code="a">text</subfield><subfield code="b">txt</subfield><subfield code="2">rdacontent</subfield></datafield><datafield tag="337" ind1=" " ind2=" "><subfield code="a">unmediated</subfield><subfield code="b">n</subfield><subfield code="2">rdamedia</subfield></datafield><datafield tag="338" ind1=" " ind2=" "><subfield code="a">volume</subfield><subfield code="b">nc</subfield><subfield code="2">rdacarrier</subfield></datafield><datafield tag="500" ind1=" " ind2=" "><subfield code="a">"This catalogue is published by The Baltimore Museum of Art and the San Francisco Museum of Modern Art in association with DelMonico Books * Prestel, Munich, London, and New York, on the occasion of the exhibition Matisse/Diebenkorn, held at The Baltimore Museum of Art, October 23, 2016-January 29, 2017, and at the San Francisco Museum of Modern Art, March 11-May 29, 2017."</subfield></datafield><datafield tag="504" ind1=" " ind2=" "><subfield code="a">Includes bibliographical references (pages 167-172) and index.</subfield></datafield><datafield tag="505" ind1="0" ind2=" "><subfield code="a">Imagining into Another / John Elderfield -- Making Matisse His Own : Richard Diebenkorn's Early Abstractions and Figurative Paintings / Janet Bishop -- Breaking All the Rules : The Drawings of Richard Diebenkorn and Henri Matisse / Jodi Roberts -- Richard Diebenkorn and Matisse, from Russia to Ocean Park / Katherine Rothkopf -- Richard Diebenkorn's Library : A Bibliography of Matisse Publications / Janet Bishop, Jared Ledesma, Katherine Rothkopf.</subfield></datafield><datafield tag="520" ind1=" " ind2=" "><subfield code="a">"This sumptuously illustrated book brings together the work of Henri Matisse and Richard Diebenkorn as never before, illuminating unexpected resonances that connect the two artists across time and space. Featuring stunning pairings of more than 80 paintings and drawings, this book charts the evolution of Matisse's impact on Diebenkorn over the course of Diebenkorn's career. Though they never met, Matisse was an enduring source of inspiration for the Californian artist, and their works share surprising similarities in subject, composition, palette, and technique. Essays by Janet Bishop and Katherine Rothkopf explore how this influence evolved over time, connecting the work of the two painters and highlighting the ways Diebenkorn drew from Matisse's example to forge a style entirely his own. The volume is rounded out by an introduction by John Elderfield, who knew Diebenkorn personally and has curated exhibitions of both artists' work; an essay by Jodi Roberts on parallels between the artists' drawings; and a bibliography documenting Diebenkorn's collection of books about the French artist. The first in-depth examination of the relationship between the work of Diebenkorn and Matisse, this publication offers new ways of understanding both artists"--Provided by publisher.</subfield></datafield><datafield tag="600" ind1="1" ind2="0"><subfield code="a">Diebenkorn, Richard,</subfield><subfield code="d">1922-1993</subfield><subfield code="v">Exhibitions.</subfield><subfield code="0">(uri) http://id.loc.gov/authorities/names/n80023105</subfield><subfield code="0">(uri) http://viaf.org/viaf/sourceID/LC|n80023105</subfield></datafield><datafield tag="600" ind1="1" ind2="0"><subfield code="a">Matisse, Henri,</subfield><subfield code="d">1869-1954</subfield><subfield code="v">Exhibitions.</subfield><subfield code="0">(uri) http://id.loc.gov/authorities/names/n79054729</subfield><subfield code="0">(uri) http://viaf.org/viaf/sourceID/LC|n79054729</subfield></datafield><datafield tag="600" ind1="1" ind2="0"><subfield code="a">Matisse, Henri,</subfield><subfield code="d">1869-1954</subfield><subfield code="x">Influence</subfield><subfield code="v">Exhibitions.</subfield><subfield code="0">(uri) http://id.loc.gov/authorities/names/n79054729</subfield><subfield code="0">(uri) http://viaf.org/viaf/sourceID/LC|n79054729</subfield></datafield><datafield tag="600" ind1="1" ind2="7"><subfield code="a">Diebenkorn, Richard,</subfield><subfield code="d">1922-1993.</subfield><subfield code="2">fast</subfield><subfield code="0">(OCoLC)fst00050766</subfield><subfield code="0">(uri) http://id.loc.gov/authorities/names/n80023105</subfield><subfield code="0">(uri) http://viaf.org/viaf/sourceID/LC|n80023105</subfield><subfield code="0">(uri) https://portal.dnb.de/opac.htm?method=simpleSearch&amp;cqlMode=true&amp;query=idn=118880179</subfield><subfield code="0">(uri) http://viaf.org/viaf/sourceID/DNB|118880179</subfield><subfield code="0">(uri) http://id.worldcat.org/fast/fst00050766</subfield></datafield><datafield tag="600" ind1="1" ind2="7"><subfield code="a">Matisse, Henri,</subfield><subfield code="d">1869-1954.</subfield><subfield code="2">fast</subfield><subfield code="0">(OCoLC)fst00035416</subfield><subfield code="0">(uri) http://id.loc.gov/authorities/names/n79054729</subfield><subfield code="0">(uri) http://viaf.org/viaf/sourceID/LC|n79054729</subfield><subfield code="0">(uri) https://portal.dnb.de/opac.htm?method=simpleSearch&amp;cqlMode=true&amp;query=idn=118578847</subfield><subfield code="0">(uri) http://viaf.org/viaf/sourceID/DNB|118578847</subfield><subfield code="0">(uri) http://id.worldcat.org/fast/fst00035416</subfield></datafield><datafield tag="600" ind1="1" ind2="7"><subfield code="a">Diebenkorn, Richard</subfield><subfield code="d">1922-1993.</subfield><subfield code="2">gnd</subfield><subfield code="0">(uri) http://id.loc.gov/authorities/names/n80023105</subfield><subfield code="0">(uri) http://viaf.org/viaf/sourceID/LC|n80023105</subfield><subfield code="0">(uri) https://portal.dnb.de/opac.htm?method=simpleSearch&amp;cqlMode=true&amp;query=idn=118880179</subfield><subfield code="0">(uri) http://viaf.org/viaf/sourceID/DNB|118880179</subfield><subfield code="0">(uri) http://id.worldcat.org/fast/fst00050766</subfield></datafield><datafield tag="600" ind1="1" ind2="7"><subfield code="a">Matisse, Henri</subfield><subfield code="d">1869-1954.</subfield><subfield code="2">gnd</subfield><subfield code="0">(uri) http://id.loc.gov/authorities/names/n79054729</subfield><subfield code="0">(uri) http://viaf.org/viaf/sourceID/LC|n79054729</subfield><subfield code="0">(uri) https://portal.dnb.de/opac.htm?method=simpleSearch&amp;cqlMode=true&amp;query=idn=118578847</subfield><subfield code="0">(uri) http://viaf.org/viaf/sourceID/DNB|118578847</subfield><subfield code="0">(uri) http://id.worldcat.org/fast/fst00035416</subfield></datafield><datafield tag="600" ind1="1" ind2="0"><subfield code="a">Diebenkorn, Richard,</subfield><subfield code="d">1922-1993</subfield><subfield code="e">artist.</subfield><subfield code="0">(uri) http://id.loc.gov/authorities/names/n80023105</subfield><subfield code="0">(uri) http://viaf.org/viaf/sourceID/LC|n80023105</subfield><subfield code="0">(uri) https://portal.dnb.de/opac.htm?method=simpleSearch&amp;cqlMode=true&amp;query=idn=118880179</subfield><subfield code="0">(uri) http://viaf.org/viaf/sourceID/DNB|118880179</subfield><subfield code="0">(uri) http://id.worldcat.org/fast/fst00050766</subfield></datafield><datafield tag="600" ind1="1" ind2="0"><subfield code="a">Matisse, Henri,</subfield><subfield code="d">1869-1954</subfield><subfield code="e">artist.</subfield><subfield code="0">(uri) http://id.loc.gov/authorities/names/n79054729</subfield><subfield code="0">(uri) http://viaf.org/viaf/sourceID/LC|n79054729</subfield><subfield code="0">(uri) https://portal.dnb.de/opac.htm?method=simpleSearch&amp;cqlMode=true&amp;query=idn=118578847</subfield><subfield code="0">(uri) http://viaf.org/viaf/sourceID/DNB|118578847</subfield><subfield code="0">(uri) http://id.worldcat.org/fast/fst00035416</subfield></datafield><datafield tag="600" ind1="1" ind2="6"><subfield code="a">Matisse, Henri,</subfield><subfield code="d">1869-1954</subfield><subfield code="v">Expositions.</subfield></datafield><datafield tag="600" ind1="1" ind2="6"><subfield code="a">Matisse, Henri,</subfield><subfield code="d">1869-1954</subfield><subfield code="x">Influence</subfield><subfield code="v">Expositions.</subfield></datafield><datafield tag="600" ind1="1" ind2="6"><subfield code="a">Diebenkorn, Richard,</subfield><subfield code="d">1922-1993</subfield><subfield code="v">Expositions.</subfield></datafield><datafield tag="650" ind1=" " ind2="7"><subfield code="a">ART</subfield><subfield code="x">Individual Artists</subfield><subfield code="x">Monographs.</subfield><subfield code="2">bisacsh</subfield></datafield><datafield tag="650" ind1=" " ind2="7"><subfield code="a">ART</subfield><subfield code="x">Collections, Catalogs, Exhibitions</subfield><subfield code="x">Group Shows.</subfield><subfield code="2">bisacsh</subfield></datafield><datafield tag="650" ind1=" " ind2="7"><subfield code="a">Influence (Literary, artistic, etc.)</subfield><subfield code="2">fast</subfield><subfield code="0">(OCoLC)fst00972484</subfield><subfield code="0">(uri) http://id.worldcat.org/fast/fst00972484</subfield></datafield><datafield tag="655" ind1=" " ind2="7"><subfield code="a">Exhibition catalogs.</subfield><subfield code="2">aat</subfield><subfield code="0">(uri) http://id.loc.gov/authorities/genreForms/gf2014026098</subfield><subfield code="0">(uri) http://id.worldcat.org/fast/fst01424028</subfield></datafield><datafield tag="655" ind1=" " ind2="7"><subfield code="a">Exhibition catalogs.</subfield><subfield code="2">fast</subfield><subfield code="0">(OCoLC)fst01424028</subfield><subfield code="0">(uri) http://id.loc.gov/authorities/genreForms/gf2014026098</subfield><subfield code="0">(uri) http://id.worldcat.org/fast/fst01424028</subfield></datafield><datafield tag="655" ind1=" " ind2="7"><subfield code="a">Exhibition catalogs.</subfield><subfield code="2">lcgft</subfield><subfield code="0">(uri) http://id.loc.gov/authorities/genreForms/gf2014026098</subfield><subfield code="0">(uri) http://id.worldcat.org/fast/fst01424028</subfield></datafield><datafield tag="700" ind1="1" ind2=" "><subfield code="a">Bishop, Janet C.,</subfield><subfield code="e">editor.</subfield><subfield code="0">(uri) http://id.loc.gov/authorities/names/n89671706</subfield><subfield code="0">(uri) http://viaf.org/viaf/sourceID/LC|n89671706</subfield></datafield><datafield tag="700" ind1="1" ind2=" "><subfield code="a">Rothkopf, Katherine,</subfield><subfield code="e">editor.</subfield><subfield code="0">(uri) http://id.loc.gov/authorities/names/n98085998</subfield><subfield code="0">(uri) http://viaf.org/viaf/sourceID/LC|n98085998</subfield></datafield><datafield tag="710" ind1="2" ind2=" "><subfield code="a">Baltimore Museum of Art,</subfield><subfield code="e">organizer,</subfield><subfield code="e">host institution.</subfield><subfield code="0">(uri) http://id.loc.gov/authorities/names/n79079550</subfield><subfield code="0">(uri) http://viaf.org/viaf/sourceID/LC|n79079550</subfield></datafield><datafield tag="710" ind1="2" ind2=" "><subfield code="a">San Francisco Museum of Modern Art,</subfield><subfield code="e">organizer,</subfield><subfield code="e">host institution.</subfield><subfield code="0">(uri) http://id.loc.gov/authorities/names/n79139490</subfield><subfield code="0">(uri) http://viaf.org/viaf/sourceID/LC|n79139490</subfield></datafield><datafield tag="994" ind1=" " ind2=" "><subfield code="a">Z0</subfield><subfield code="b">EYM</subfield></datafield><datafield tag="997" ind1=" " ind2=" "><subfield code="a">MARS</subfield></datafield><datafield tag="998" ind1=" " ind2=" "><subfield code="c">bosede-monorec CopyCat20180315</subfield></datafield><datafield tag="998" ind1=" " ind2=" "><subfield code="c">emustard-rdu LSPMigrProj 20200909</subfield></datafield><datafield tag="958" ind1=" " ind2=" "><subfield code="a">MiU</subfield></datafield><datafield tag="995" ind1=" " ind2=" "><subfield code="a">20</subfield></datafield><datafield tag="BIB" ind1=" " ind2=" "><subfield code="u">2021-08-21 04:35:45 US/Eastern</subfield><subfield code="c">2021-06-21 14:56:49 US/Eastern</subfield></datafield><datafield tag="852" ind1="0" ind2=" "><subfield code="b">FINE</subfield><subfield code="a">MiU</subfield><subfield code="c">NONE</subfield><subfield code="h">N 6537 .D447 A4 2016</subfield><subfield code="8">22916906780006381</subfield></datafield><datafield tag="974" ind1=" " ind2=" "><subfield code="8">22916906780006381</subfield><subfield code="f">1</subfield><subfield code="c">NONE</subfield><subfield code="m">BOOK</subfield><subfield code="a">39015100635245</subfield><subfield code="e">NONE</subfield><subfield code="7">23916906770006381</subfield><subfield code="p">01</subfield><subfield code="r">2018-01-04 10:59:00</subfield><subfield code="h">N 6537 .D447 A4 2016</subfield><subfield code="d">FINE</subfield><subfield code="b">FINE</subfield></datafield></record>