<record><leader>00000nam a22003251i 4500</leader><controlfield tag="005">20190201135103.0</controlfield><controlfield tag="008">880718s1977    laua          000 0 eng  </controlfield><controlfield tag="001">990002541880106381</controlfield><datafield tag="035" ind1=" " ind2=" "><subfield code="a">(MiU)000254188MIU01</subfield></datafield><datafield tag="010" ind1=" " ind2=" "><subfield code="a">77024171</subfield></datafield><datafield tag="020" ind1=" " ind2=" "><subfield code="a">0807103632 :</subfield><subfield code="c">$14.95</subfield><subfield code="0">(uri) http://www.isbnsearch.org/isbn/0807103632</subfield></datafield><datafield tag="020" ind1=" " ind2=" "><subfield code="a">0807108537</subfield><subfield code="0">(uri) http://www.isbnsearch.org/isbn/0807108537</subfield></datafield><datafield tag="035" ind1=" " ind2=" "><subfield code="a">(RLIN)MIUG3089532-B</subfield></datafield><datafield tag="035" ind1=" " ind2=" "><subfield code="a">(CaOTULAS)160482213</subfield></datafield><datafield tag="035" ind1=" " ind2=" "><subfield code="a">(OCoLC)ocm03089532</subfield><subfield code="0">(uri) http://www.worldcat.org/oclc/03089532</subfield></datafield><datafield tag="040" ind1=" " ind2=" "><subfield code="a">DLC</subfield><subfield code="c">DLC</subfield><subfield code="d">*OCL*</subfield><subfield code="d">MiU</subfield></datafield><datafield tag="041" ind1="0" ind2=" "><subfield code="a">eng</subfield><subfield code="a">fre</subfield></datafield><datafield tag="043" ind1=" " ind2=" "><subfield code="a">n-us-la</subfield></datafield><datafield tag="050" ind1=" " ind2="4"><subfield code="a">TR654</subfield><subfield code="b">.B7431</subfield></datafield><datafield tag="082" ind1="0" ind2=" "><subfield code="a">779/.9/9763</subfield></datafield><datafield tag="100" ind1="1" ind2=" "><subfield code="a">Browne, Turner</subfield><subfield code="0">http://id.loc.gov/authorities/names/n82087602</subfield><subfield code="1">http://viaf.org/viaf/7615567</subfield><subfield code="0">(uri) http://id.loc.gov/authorities/names/n82087602</subfield><subfield code="0">(uri) http://viaf.org/viaf/sourceID/LC|n82087602</subfield></datafield><datafield tag="245" ind1="1" ind2="0"><subfield code="a">Louisiana Cajuns =</subfield><subfield code="b">Cajuns de la Louisiane /</subfield><subfield code="c">photos. by Turner Browne ; with an introd. by William Mills ; French text rendered by James and Elizabeth Spohrer.</subfield></datafield><datafield tag="260" ind1=" " ind2=" "><subfield code="a">Baton Rouge :</subfield><subfield code="b">Louisiana State University Press,</subfield><subfield code="c">c1977.</subfield></datafield><datafield tag="300" ind1=" " ind2=" "><subfield code="a">[118] p. :</subfield><subfield code="b">ill. ;</subfield><subfield code="c">28 cm</subfield></datafield><datafield tag="500" ind1=" " ind2=" "><subfield code="a">Captions and introd. in English and French.</subfield></datafield><datafield tag="650" ind1=" " ind2="0"><subfield code="a">Photography, Artistic.</subfield><subfield code="0">(uri) http://id.loc.gov/authorities/subjects/sh85101269</subfield></datafield><datafield tag="650" ind1=" " ind2="0"><subfield code="a">Cajuns</subfield><subfield code="v">Pictorial works.</subfield><subfield code="0">(uri) http://id.loc.gov/authorities/subjects/sh85018723</subfield></datafield><datafield tag="651" ind1=" " ind2="0"><subfield code="a">Louisiana</subfield><subfield code="x">Description and travel</subfield><subfield code="x">Views.</subfield><subfield code="0">(uri) http://id.loc.gov/authorities/names/n79138970</subfield><subfield code="0">(uri) http://viaf.org/viaf/sourceID/LC|n79138970</subfield></datafield><datafield tag="700" ind1="1" ind2=" "><subfield code="a">Mills, William,</subfield><subfield code="d">1935-</subfield><subfield code="0">http://id.loc.gov/authorities/names/n50033257</subfield><subfield code="1">http://viaf.org/viaf/112616655</subfield><subfield code="0">(uri) http://id.loc.gov/authorities/names/n50033257</subfield><subfield code="0">(uri) http://viaf.org/viaf/sourceID/LC|n50033257</subfield></datafield><datafield tag="740" ind1="0" ind2=" "><subfield code="a">Cajuns de la Louisiane.</subfield></datafield><datafield tag="997" ind1=" " ind2=" "><subfield code="a">MARS</subfield></datafield><datafield tag="998" ind1=" " ind2=" "><subfield code="s">9665</subfield></datafield><datafield tag="998" ind1=" " ind2=" "><subfield code="c">Flint at 2019-02-01</subfield></datafield><datafield tag="958" ind1=" " ind2=" "><subfield code="a">MiU</subfield></datafield><datafield tag="958" ind1=" " ind2=" "><subfield code="a">MiFliC</subfield></datafield><datafield tag="959" ind1=" " ind2=" "><subfield code="a">(notis)ULABB9962</subfield></datafield><datafield tag="995" ind1=" " ind2=" "><subfield code="a">20</subfield></datafield><datafield tag="BIB" ind1=" " ind2=" "><subfield code="u">2021-08-21 04:35:26 US/Eastern</subfield><subfield code="c">2021-06-21 14:56:15 US/Eastern</subfield></datafield><datafield tag="852" ind1="0" ind2=" "><subfield code="b">FLINT</subfield><subfield code="a">MiFliC</subfield><subfield code="c">MAIN</subfield><subfield code="h">TR 654 .B743 1977</subfield><subfield code="8">22916783680006381</subfield></datafield><datafield tag="852" ind1="0" ind2=" "><subfield code="b">BUHR</subfield><subfield code="a">MiU</subfield><subfield code="c">MAIN</subfield><subfield code="h">TR654 .B7431</subfield><subfield code="8">22916783700006381</subfield></datafield><datafield tag="974" ind1=" " ind2=" "><subfield code="8">22916783680006381</subfield><subfield code="f">1</subfield><subfield code="c">MAIN</subfield><subfield code="m">BOOK</subfield><subfield code="a">49015003753226</subfield><subfield code="e">MAIN</subfield><subfield code="7">23916783670006381</subfield><subfield code="p">01</subfield><subfield code="r">2019-02-01 10:59:00</subfield><subfield code="h">TR 654 .B743 1977</subfield><subfield code="d">FLINT</subfield><subfield code="b">FLINT</subfield></datafield><datafield tag="974" ind1=" " ind2=" "><subfield code="8">22916783700006381</subfield><subfield code="f">1</subfield><subfield code="c">MAIN</subfield><subfield code="m">BOOK</subfield><subfield code="a">39015002387853</subfield><subfield code="i">Buhr B 1314160</subfield><subfield code="e">MAIN</subfield><subfield code="7">23916783690006381</subfield><subfield code="p">01</subfield><subfield code="r">1989-09-21 10:59:00</subfield><subfield code="h">TR654 .B7431</subfield><subfield code="d">BUHR</subfield><subfield code="b">BUHR</subfield></datafield></record>