<record><leader>     nam a2200301 a 4500</leader><controlfield tag="005">19980318000000.0</controlfield><controlfield tag="008">931007s1993    pau      b    001 0 eng  </controlfield><controlfield tag="001">990027123560106381</controlfield><datafield tag="035" ind1=" " ind2=" "><subfield code="a">(MiU)002712356MIU01</subfield></datafield><datafield tag="010" ind1=" " ind2=" "><subfield code="a">88047648</subfield></datafield><datafield tag="020" ind1=" " ind2=" "><subfield code="a">0838751504</subfield><subfield code="q">(alk. paper)</subfield><subfield code="0">(uri) http://www.isbnsearch.org/isbn/0838751504</subfield></datafield><datafield tag="035" ind1=" " ind2=" "><subfield code="a">(OCoLC)ocm25869999</subfield><subfield code="0">(uri) http://www.worldcat.org/oclc/25869999</subfield></datafield><datafield tag="040" ind1=" " ind2=" "><subfield code="a">DLC</subfield><subfield code="c">DLC</subfield><subfield code="d">EYM</subfield></datafield><datafield tag="050" ind1="0" ind2="0"><subfield code="a">PR6019.O9</subfield><subfield code="b">U6742 1993</subfield></datafield><datafield tag="082" ind1="0" ind2="0"><subfield code="a">823/.912</subfield><subfield code="2">20</subfield></datafield><datafield tag="100" ind1="1" ind2=" "><subfield code="a">Lang, Frederick K.</subfield><subfield code="0">(uri) http://id.loc.gov/authorities/names/n92048449</subfield><subfield code="0">(uri) http://viaf.org/viaf/sourceID/LC|n92048449</subfield></datafield><datafield tag="245" ind1="1" ind2="0"><subfield code="a">Ulysses and the Irish god /</subfield><subfield code="c">Frederick K. Lang.</subfield></datafield><datafield tag="260" ind1=" " ind2=" "><subfield code="a">Lewisburg [Pa.] :</subfield><subfield code="b">Bucknell University Press ;</subfield><subfield code="a">London :</subfield><subfield code="b">Associated University Presses,</subfield><subfield code="c">c1993.</subfield></datafield><datafield tag="300" ind1=" " ind2=" "><subfield code="a">317 p. ;</subfield><subfield code="c">25 cm.</subfield></datafield><datafield tag="504" ind1=" " ind2=" "><subfield code="a">Includes bibliographical references (p. 297-302) and index.</subfield></datafield><datafield tag="600" ind1="1" ind2="0"><subfield code="a">Joyce, James,</subfield><subfield code="d">1882-1941.</subfield><subfield code="t">Ulysses.</subfield><subfield code="0">(uri) http://id.loc.gov/authorities/names/n92029109</subfield><subfield code="0">(uri) http://viaf.org/viaf/sourceID/LC|n92029109</subfield></datafield><datafield tag="600" ind1="1" ind2="0"><subfield code="a">Joyce, James,</subfield><subfield code="d">1882-1941</subfield><subfield code="x">Religion.</subfield><subfield code="0">(uri) http://id.loc.gov/authorities/names/n79056824</subfield><subfield code="0">(uri) http://viaf.org/viaf/sourceID/LC|n79056824</subfield></datafield><datafield tag="610" ind1="2" ind2="0"><subfield code="a">Catholic Church</subfield><subfield code="x">In literature.</subfield><subfield code="0">(uri) http://id.loc.gov/authorities/names/n79041716</subfield><subfield code="0">(uri) http://viaf.org/viaf/sourceID/LC|n79041716</subfield></datafield><datafield tag="650" ind1=" " ind2="0"><subfield code="a">Christianity in literature.</subfield><subfield code="0">(uri) http://id.loc.gov/authorities/subjects/sh85025290</subfield></datafield><datafield tag="651" ind1=" " ind2="0"><subfield code="a">Ireland</subfield><subfield code="x">In literature</subfield><subfield code="0">(uri) http://id.loc.gov/authorities/subjects/sh2008104923</subfield></datafield><datafield tag="650" ind1=" " ind2="0"><subfield code="a">God in literature.</subfield><subfield code="0">(uri) http://id.loc.gov/authorities/subjects/sh85055589</subfield></datafield><datafield tag="998" ind1=" " ind2=" "><subfield code="c">aut</subfield></datafield><datafield tag="958" ind1=" " ind2=" "><subfield code="a">MiU</subfield></datafield><datafield tag="959" ind1=" " ind2=" "><subfield code="a">(notis)ULAPG0267</subfield></datafield><datafield tag="995" ind1=" " ind2=" "><subfield code="a">20</subfield></datafield><datafield tag="BIB" ind1=" " ind2=" "><subfield code="u">2021-08-21 04:35:36 US/Eastern</subfield><subfield code="c">2021-06-21 14:55:11 US/Eastern</subfield></datafield><datafield tag="852" ind1="1" ind2=" "><subfield code="b">HATCH</subfield><subfield code="a">MiU</subfield><subfield code="c">GRAD</subfield><subfield code="h">828 J887uO L26</subfield><subfield code="8">22916379510006381</subfield></datafield><datafield tag="974" ind1=" " ind2=" "><subfield code="8">22916379510006381</subfield><subfield code="f">1</subfield><subfield code="c">GRAD</subfield><subfield code="m">BOOK</subfield><subfield code="a">39015029943506</subfield><subfield code="e">GRAD</subfield><subfield code="u">mdp.39015029943506 ic 20210107</subfield><subfield code="7">23916379500006381</subfield><subfield code="p">01</subfield><subfield code="r">1993-10-08 10:59:00</subfield><subfield code="h">828 J887uO L26</subfield><subfield code="d">HATCH</subfield><subfield code="b">HATCH</subfield></datafield></record>