<record><leader>     nam a22002171a 4500</leader><controlfield tag="005">19931104000000.0</controlfield><controlfield tag="008">931104s1992    ls a          000 0alaood</controlfield><controlfield tag="001">990027186820106381</controlfield><datafield tag="035" ind1=" " ind2=" "><subfield code="a">(MiU)002718682MIU01</subfield></datafield><datafield tag="035" ind1=" " ind2=" "><subfield code="a">(RLIN)MIUG93-B5823</subfield></datafield><datafield tag="035" ind1=" " ind2=" "><subfield code="a">(OCoLC)ocm68195978</subfield><subfield code="0">(uri) http://www.worldcat.org/oclc/68195978</subfield></datafield><datafield tag="035" ind1=" " ind2=" "><subfield code="a">(OCoLC)ocm68195978</subfield><subfield code="0">(uri) http://www.worldcat.org/oclc/68195978</subfield></datafield><datafield tag="040" ind1=" " ind2=" "><subfield code="a">MiU</subfield><subfield code="c">MiU</subfield></datafield><datafield tag="043" ind1=" " ind2=" "><subfield code="a">a-ls---</subfield></datafield><datafield tag="100" ind1="0" ind2=" "><subfield code="a">Thō̜ngvin Phomvihān,</subfield><subfield code="d">1938-</subfield><subfield code="0">(uri) http://id.loc.gov/authorities/names/n89193175</subfield><subfield code="0">(uri) http://viaf.org/viaf/sourceID/LC|n89193175</subfield></datafield><datafield tag="245" ind1="1" ind2="0"><subfield code="a">Thō̜ngvin Phomvihān :</subfield><subfield code="b">sīvit læ kānkhư̄anvai wīak ngān nai khabūan vivat pavatsāt khō̜ng Pathēt Lāo.</subfield></datafield><datafield tag="260" ind1=" " ind2=" "><subfield code="a">[Vientiane] :</subfield><subfield code="b">Samnakphim Chamnāi Num Lāo,</subfield><subfield code="c">1992.</subfield></datafield><datafield tag="300" ind1=" " ind2=" "><subfield code="a">148 p. :</subfield><subfield code="b">ill. (some col.) ;</subfield><subfield code="c">19 cm.</subfield></datafield><datafield tag="500" ind1=" " ind2=" "><subfield code="a">In Lao.</subfield></datafield><datafield tag="600" ind1="0" ind2="0"><subfield code="a">Thō̜ngvin Phomvihān,</subfield><subfield code="d">1938-.</subfield><subfield code="0">(uri) http://id.loc.gov/authorities/names/n89193175</subfield><subfield code="0">(uri) http://viaf.org/viaf/sourceID/LC|n89193175</subfield></datafield><datafield tag="610" ind1="2" ind2="0"><subfield code="a">Saphā Pasāson Sungsut (Laos)</subfield><subfield code="x">Officials and employees</subfield><subfield code="x">Biography.</subfield><subfield code="0">(uri) http://id.loc.gov/authorities/names/n89166253</subfield><subfield code="0">(uri) http://viaf.org/viaf/sourceID/LC|n89166253</subfield></datafield><datafield tag="998" ind1=" " ind2=" "><subfield code="c">SEA</subfield><subfield code="s">9114</subfield></datafield><datafield tag="958" ind1=" " ind2=" "><subfield code="a">MiU</subfield></datafield><datafield tag="959" ind1=" " ind2=" "><subfield code="a">(notis)ULAPG6659</subfield></datafield><datafield tag="995" ind1=" " ind2=" "><subfield code="a">20</subfield></datafield><datafield tag="BIB" ind1=" " ind2=" "><subfield code="u">2021-08-21 04:35:36 US/Eastern</subfield><subfield code="c">2021-06-21 14:53:50 US/Eastern</subfield></datafield><datafield tag="852" ind1="0" ind2=" "><subfield code="b">BUHR</subfield><subfield code="a">MiU</subfield><subfield code="c">MAIN</subfield><subfield code="h">DS 555.86 .T46 A33 1992</subfield><subfield code="8">22915989220006381</subfield></datafield><datafield tag="974" ind1=" " ind2=" "><subfield code="8">22915989220006381</subfield><subfield code="f">1</subfield><subfield code="c">MAIN</subfield><subfield code="m">BOOK</subfield><subfield code="a">39015029435263</subfield><subfield code="i">Buhr A 1225528</subfield><subfield code="e">MAIN</subfield><subfield code="u">mdp.39015029435263 ic 20200129</subfield><subfield code="7">23915989210006381</subfield><subfield code="p">01</subfield><subfield code="r">1993-11-05 10:59:00</subfield><subfield code="h">DS 555.86 .T46 A33 1992</subfield><subfield code="d">BUHR</subfield><subfield code="b">BUHR</subfield></datafield></record>