<record><leader>00000cam a22006018i 4500</leader><controlfield tag="005">20180425090149.0</controlfield><controlfield tag="008">170707s2018    pau      b    001 0 eng c</controlfield><controlfield tag="001">990161154720106381</controlfield><datafield tag="035" ind1=" " ind2=" "><subfield code="a">(MiU)016115472MIU01</subfield></datafield><datafield tag="010" ind1=" " ind2=" "><subfield code="a">2017032709</subfield></datafield><datafield tag="020" ind1=" " ind2=" "><subfield code="a">9780812249828</subfield><subfield code="q">(hardcover ;</subfield><subfield code="q">alk. paper)</subfield><subfield code="0">(uri) http://www.isbnsearch.org/isbn/9780812249828</subfield></datafield><datafield tag="020" ind1=" " ind2=" "><subfield code="a">0812249828</subfield><subfield code="q">(hardcover ;</subfield><subfield code="q">alk. paper)</subfield><subfield code="0">(uri) http://www.isbnsearch.org/isbn/0812249828</subfield></datafield><datafield tag="035" ind1=" " ind2=" "><subfield code="a">(OCoLC)993810286</subfield><subfield code="0">(uri) http://www.worldcat.org/oclc/993810286</subfield></datafield><datafield tag="035" ind1=" " ind2=" "><subfield code="a">(OCoLC)ocn993810286</subfield><subfield code="0">(uri) http://www.worldcat.org/oclc/993810286</subfield></datafield><datafield tag="040" ind1=" " ind2=" "><subfield code="a">PU/DLC</subfield><subfield code="b">eng</subfield><subfield code="e">rda</subfield><subfield code="c">PAU</subfield><subfield code="d">DLC</subfield><subfield code="d">OCLCO</subfield><subfield code="d">OCLCA</subfield><subfield code="d">OCLCF</subfield><subfield code="d">YDX</subfield><subfield code="d">OCLCQ</subfield><subfield code="d">BDX</subfield><subfield code="d">IXA</subfield></datafield><datafield tag="042" ind1=" " ind2=" "><subfield code="a">pcc</subfield></datafield><datafield tag="043" ind1=" " ind2=" "><subfield code="a">e-uk-en</subfield></datafield><datafield tag="050" ind1="0" ind2="0"><subfield code="a">BX4662</subfield><subfield code="b">.S258 2018</subfield></datafield><datafield tag="082" ind1="0" ind2="0"><subfield code="a">274/.030922</subfield><subfield code="a">B</subfield><subfield code="2">23</subfield></datafield><datafield tag="100" ind1="1" ind2=" "><subfield code="a">Sanok, Catherine,</subfield><subfield code="e">author.</subfield><subfield code="0">(uri) http://id.loc.gov/authorities/names/n2006054221</subfield><subfield code="0">(uri) http://viaf.org/viaf/sourceID/LC|n2006054221</subfield></datafield><datafield tag="245" ind1="1" ind2="0"><subfield code="a">New legends of England :</subfield><subfield code="b">forms of community in late medieval saints' lives /</subfield><subfield code="c">Catherine Sanok.</subfield></datafield><datafield tag="250" ind1=" " ind2=" "><subfield code="a">1st edition.</subfield></datafield><datafield tag="264" ind1=" " ind2="1"><subfield code="a">Philadelphia :</subfield><subfield code="b">University of Pennsylvania Press,</subfield><subfield code="c">[2018]</subfield></datafield><datafield tag="300" ind1=" " ind2=" "><subfield code="a">349 pages ;</subfield><subfield code="c">24 cm.</subfield></datafield><datafield tag="336" ind1=" " ind2=" "><subfield code="a">text</subfield><subfield code="b">txt</subfield><subfield code="2">rdacontent</subfield></datafield><datafield tag="337" ind1=" " ind2=" "><subfield code="a">unmediated</subfield><subfield code="b">n</subfield><subfield code="2">rdamedia</subfield></datafield><datafield tag="338" ind1=" " ind2=" "><subfield code="a">volume</subfield><subfield code="b">nc</subfield><subfield code="2">rdacarrier</subfield></datafield><datafield tag="490" ind1="0" ind2=" "><subfield code="a">Middle Ages series</subfield></datafield><datafield tag="504" ind1=" " ind2=" "><subfield code="a">Includes bibliographical references and index.</subfield></datafield><datafield tag="590" ind1=" " ind2=" "><subfield code="a">U. Michigan Faculty Author.</subfield></datafield><datafield tag="650" ind1=" " ind2="0"><subfield code="a">Christian hagiography</subfield><subfield code="x">History</subfield><subfield code="y">To 1500.</subfield><subfield code="0">(uri) http://id.loc.gov/authorities/subjects/sh2008100655</subfield></datafield><datafield tag="650" ind1=" " ind2="0"><subfield code="a">Christian saints</subfield><subfield code="z">England</subfield><subfield code="v">Biography</subfield><subfield code="v">Early works to 1800.</subfield><subfield code="0">(uri) http://id.loc.gov/authorities/subjects/sh85025177</subfield></datafield><datafield tag="650" ind1=" " ind2="0"><subfield code="a">Christian saints</subfield><subfield code="v">Legends</subfield><subfield code="v">Early works to 1800.</subfield><subfield code="0">(uri) http://id.loc.gov/authorities/subjects/sh2009119520</subfield></datafield><datafield tag="650" ind1=" " ind2="0"><subfield code="a">Communities</subfield><subfield code="z">England</subfield><subfield code="x">History</subfield><subfield code="y">To 1500.</subfield><subfield code="0">(uri) http://id.loc.gov/authorities/subjects/sh85029195</subfield></datafield><datafield tag="650" ind1=" " ind2="0"><subfield code="a">Group identity</subfield><subfield code="z">England</subfield><subfield code="x">History</subfield><subfield code="y">To 1500.</subfield><subfield code="0">(uri) http://id.loc.gov/authorities/subjects/sh85057485</subfield></datafield><datafield tag="650" ind1=" " ind2="0"><subfield code="a">Christian literature, English (Middle)</subfield><subfield code="x">History and criticism.</subfield><subfield code="0">(uri) http://id.loc.gov/authorities/subjects/sh2008100656</subfield></datafield><datafield tag="650" ind1=" " ind2="7"><subfield code="a">Christian hagiography.</subfield><subfield code="2">fast</subfield><subfield code="0">(OCoLC)fst00859164</subfield><subfield code="0">(uri) http://id.worldcat.org/fast/fst00859164</subfield></datafield><datafield tag="650" ind1=" " ind2="7"><subfield code="a">Christian literature, English (Middle)</subfield><subfield code="2">fast</subfield><subfield code="0">(OCoLC)fst00859281</subfield><subfield code="0">(uri) http://id.worldcat.org/fast/fst00859281</subfield></datafield><datafield tag="650" ind1=" " ind2="7"><subfield code="a">Christian saints.</subfield><subfield code="2">fast</subfield><subfield code="0">(OCoLC)fst00859491</subfield><subfield code="0">(uri) http://id.worldcat.org/fast/fst00859491</subfield></datafield><datafield tag="650" ind1=" " ind2="7"><subfield code="a">Communities.</subfield><subfield code="2">fast</subfield><subfield code="0">(OCoLC)fst01430092</subfield><subfield code="0">(uri) http://id.worldcat.org/fast/fst01430092</subfield></datafield><datafield tag="650" ind1=" " ind2="7"><subfield code="a">Group identity.</subfield><subfield code="2">fast</subfield><subfield code="0">(OCoLC)fst00948442</subfield><subfield code="0">(uri) http://id.worldcat.org/fast/fst00948442</subfield></datafield><datafield tag="651" ind1=" " ind2="7"><subfield code="a">England.</subfield><subfield code="2">fast</subfield><subfield code="0">(OCoLC)fst01219920</subfield><subfield code="0">(uri) http://id.worldcat.org/fast/fst01219920</subfield></datafield><datafield tag="648" ind1=" " ind2="7"><subfield code="a">To 1500</subfield><subfield code="2">fast</subfield></datafield><datafield tag="655" ind1=" " ind2="7"><subfield code="a">Biography.</subfield><subfield code="2">fast</subfield><subfield code="0">(OCoLC)fst01423686</subfield><subfield code="0">(uri) http://id.worldcat.org/fast/fst01423686</subfield></datafield><datafield tag="655" ind1=" " ind2="7"><subfield code="a">Criticism, interpretation, etc.</subfield><subfield code="2">fast</subfield><subfield code="0">(OCoLC)fst01411635</subfield><subfield code="0">(uri) http://id.worldcat.org/fast/fst01411635</subfield></datafield><datafield tag="655" ind1=" " ind2="7"><subfield code="a">Early works.</subfield><subfield code="2">fast</subfield><subfield code="0">(OCoLC)fst01411636</subfield><subfield code="0">(uri) http://id.worldcat.org/fast/fst01411636</subfield></datafield><datafield tag="655" ind1=" " ind2="7"><subfield code="a">History.</subfield><subfield code="2">fast</subfield><subfield code="0">(OCoLC)fst01411628</subfield><subfield code="0">(uri) http://id.worldcat.org/fast/fst01411628</subfield></datafield><datafield tag="655" ind1=" " ind2="7"><subfield code="a">Legends.</subfield><subfield code="2">fast</subfield><subfield code="0">(OCoLC)fst01423803</subfield><subfield code="0">(uri) http://id.worldcat.org/fast/fst01423803</subfield></datafield><datafield tag="994" ind1=" " ind2=" "><subfield code="a">Z0</subfield><subfield code="b">EYM</subfield></datafield><datafield tag="997" ind1=" " ind2=" "><subfield code="a">MARS</subfield></datafield><datafield tag="998" ind1=" " ind2=" "><subfield code="c">krahe-monorec CopyCat20180409</subfield></datafield><datafield tag="958" ind1=" " ind2=" "><subfield code="a">MiU</subfield></datafield><datafield tag="995" ind1=" " ind2=" "><subfield code="a">10</subfield></datafield><datafield tag="BIB" ind1=" " ind2=" "><subfield code="u">2021-08-21 04:36:23 US/Eastern</subfield><subfield code="c">2021-06-21 14:54:24 US/Eastern</subfield></datafield><datafield tag="852" ind1="0" ind2=" "><subfield code="b">HATCH</subfield><subfield code="a">MiU</subfield><subfield code="c">GRAD</subfield><subfield code="h">BX 4662 .S258 2018</subfield><subfield code="8">22916248890006381</subfield></datafield><datafield tag="974" ind1=" " ind2=" "><subfield code="8">22916248890006381</subfield><subfield code="f">1</subfield><subfield code="c">GRAD</subfield><subfield code="m">BOOK</subfield><subfield code="a">39015100683286</subfield><subfield code="e">GRAD</subfield><subfield code="7">23916248880006381</subfield><subfield code="p">01</subfield><subfield code="r">2018-04-05 10:59:00</subfield><subfield code="h">BX 4662 .S258 2018</subfield><subfield code="d">HATCH</subfield><subfield code="b">HATCH</subfield></datafield></record>