<record><leader>     nam a22003131  4500</leader><controlfield tag="005">19890623000000.0</controlfield><controlfield tag="008">890623m18361837xx c     bc   00000 und d</controlfield><controlfield tag="001">990011663170106381</controlfield><datafield tag="035" ind1=" " ind2=" "><subfield code="a">(MiU)001166317MIU01</subfield></datafield><datafield tag="010" ind1=" " ind2=" "><subfield code="a">13006496</subfield></datafield><datafield tag="035" ind1=" " ind2=" "><subfield code="a">(CaOTULAS)176163567</subfield></datafield><datafield tag="035" ind1=" " ind2=" "><subfield code="a">(SAZTEC)148006590</subfield></datafield><datafield tag="035" ind1=" " ind2=" "><subfield code="a">(OCoLC)ocm07119891</subfield><subfield code="0">(uri) http://www.worldcat.org/oclc/07119891</subfield></datafield><datafield tag="040" ind1=" " ind2=" "><subfield code="c">CarP</subfield></datafield><datafield tag="043" ind1=" " ind2=" "><subfield code="a">e-be---</subfield><subfield code="a">e-ne---</subfield></datafield><datafield tag="050" ind1="0" ind2=" "><subfield code="a">Z997</subfield><subfield code="b">.H917</subfield></datafield><datafield tag="100" ind1="1" ind2=" "><subfield code="a">Hulthem, Charles van,</subfield><subfield code="d">1764-1832.</subfield><subfield code="0">(uri) http://id.loc.gov/authorities/names/n79065259</subfield><subfield code="0">(uri) http://viaf.org/viaf/sourceID/LC|n79065259</subfield></datafield><datafield tag="245" ind1="0" ind2="0"><subfield code="a">Bibliothecal Hulthamiana;</subfield></datafield><datafield tag="260" ind1=" " ind2=" "><subfield code="a">Grand,</subfield><subfield code="b">Impr. de J. Poelman,</subfield><subfield code="c">1836-37.</subfield></datafield><datafield tag="300" ind1=" " ind2=" "><subfield code="a">6 v.</subfield><subfield code="b">front. (port.)</subfield><subfield code="c">24 cm.</subfield></datafield><datafield tag="650" ind1=" " ind2="0"><subfield code="a">Dutch literature</subfield><subfield code="v">Bibliography.</subfield><subfield code="0">(uri) http://id.loc.gov/authorities/subjects/sh2009123987</subfield></datafield><datafield tag="650" ind1=" " ind2="0"><subfield code="a">Belgian literature</subfield><subfield code="x">Bibliography.</subfield><subfield code="0">(uri) http://id.loc.gov/authorities/subjects/sh85012945</subfield></datafield><datafield tag="650" ind1=" " ind2="0"><subfield code="a">Rare books</subfield><subfield code="0">(uri) http://id.loc.gov/authorities/subjects/sh85111445</subfield></datafield><datafield tag="650" ind1=" " ind2="0"><subfield code="a">Manuscripts</subfield><subfield code="z">Belgium</subfield><subfield code="v">Catalogs.</subfield><subfield code="0">(uri) http://id.loc.gov/authorities/subjects/sh2010100525</subfield></datafield><datafield tag="651" ind1=" " ind2="0"><subfield code="a">Netherlands</subfield><subfield code="x">Bibliography.</subfield><subfield code="0">(uri) http://id.loc.gov/authorities/names/n78085423</subfield><subfield code="0">(uri) http://viaf.org/viaf/sourceID/LC|n78085423</subfield></datafield><datafield tag="651" ind1=" " ind2="0"><subfield code="a">Belgium</subfield><subfield code="x">Bibliography.</subfield><subfield code="0">(uri) http://id.loc.gov/authorities/names/n80126041</subfield><subfield code="0">(uri) http://viaf.org/viaf/sourceID/LC|n80126041</subfield></datafield><datafield tag="700" ind1="1" ind2=" "><subfield code="a">Voisin, Aug.</subfield><subfield code="q">(Auguste),</subfield><subfield code="d">1800-1843.</subfield><subfield code="0">(uri) http://id.loc.gov/authorities/names/n84160311</subfield><subfield code="0">(uri) http://viaf.org/viaf/sourceID/LC|n84160311</subfield></datafield><datafield tag="710" ind1="2" ind2=" "><subfield code="a">Bibliothèque royale de Belgique.</subfield><subfield code="0">(uri) http://id.loc.gov/authorities/names/n79053665</subfield><subfield code="0">(uri) http://viaf.org/viaf/sourceID/LC|n79053665</subfield></datafield><datafield tag="998" ind1=" " ind2=" "><subfield code="c">UTL</subfield><subfield code="s">9662</subfield></datafield><datafield tag="958" ind1=" " ind2=" "><subfield code="a">MiU</subfield></datafield><datafield tag="959" ind1=" " ind2=" "><subfield code="a">(notis)ULAEZ0463</subfield></datafield><datafield tag="995" ind1=" " ind2=" "><subfield code="a">20</subfield></datafield><datafield tag="BIB" ind1=" " ind2=" "><subfield code="u">2021-08-21 04:35:51 US/Eastern</subfield><subfield code="c">2021-06-21 14:53:13 US/Eastern</subfield></datafield><datafield tag="852" ind1="0" ind2=" "><subfield code="b">BUHR</subfield><subfield code="a">MiU</subfield><subfield code="c">MAIN</subfield><subfield code="h">Z 997 .H92</subfield><subfield code="8">22915831430006381</subfield></datafield><datafield tag="866" ind1="4" ind2="0"><subfield code="a">v.1-6</subfield><subfield code="8">22915831430006381</subfield></datafield><datafield tag="974" ind1=" " ind2=" "><subfield code="8">22915831430006381</subfield><subfield code="f">1</subfield><subfield code="c">MAIN</subfield><subfield code="m">BOOK</subfield><subfield code="a">39015023474433</subfield><subfield code="i">Buhr B 788857</subfield><subfield code="e">MAIN</subfield><subfield code="u">mdp.39015023474433 pd 20201004</subfield><subfield code="7">23915831370006381</subfield><subfield code="z">v.6</subfield><subfield code="p">01</subfield><subfield code="r">1992-06-29 10:59:00</subfield><subfield code="h">Z 997 .H92</subfield><subfield code="d">BUHR</subfield><subfield code="b">BUHR</subfield></datafield><datafield tag="974" ind1=" " ind2=" "><subfield code="8">22915831430006381</subfield><subfield code="f">1</subfield><subfield code="c">MAIN</subfield><subfield code="m">BOOK</subfield><subfield code="a">39015023474474</subfield><subfield code="i">Buhr B 788854</subfield><subfield code="e">MAIN</subfield><subfield code="u">mdp.39015023474474 pd 20201004</subfield><subfield code="7">23915831400006381</subfield><subfield code="z">v.3</subfield><subfield code="p">01</subfield><subfield code="r">1992-06-29 10:59:00</subfield><subfield code="h">Z 997 .H92</subfield><subfield code="d">BUHR</subfield><subfield code="b">BUHR</subfield></datafield><datafield tag="974" ind1=" " ind2=" "><subfield code="8">22915831430006381</subfield><subfield code="f">1</subfield><subfield code="c">MAIN</subfield><subfield code="m">BOOK</subfield><subfield code="a">39015023474482</subfield><subfield code="i">Buhr B 788852</subfield><subfield code="e">MAIN</subfield><subfield code="u">mdp.39015023474482 pd 20161225 519</subfield><subfield code="7">23915831420006381</subfield><subfield code="z">v.1</subfield><subfield code="p">01</subfield><subfield code="r">1992-06-29 10:59:00</subfield><subfield code="h">Z 997 .H92</subfield><subfield code="d">BUHR</subfield><subfield code="b">BUHR</subfield></datafield><datafield tag="974" ind1=" " ind2=" "><subfield code="8">22915831430006381</subfield><subfield code="f">1</subfield><subfield code="c">MAIN</subfield><subfield code="m">BOOK</subfield><subfield code="a">39015023474490</subfield><subfield code="i">Buhr B 788853</subfield><subfield code="e">MAIN</subfield><subfield code="u">mdp.39015023474490 pd 20201004</subfield><subfield code="7">23915831410006381</subfield><subfield code="z">v.2</subfield><subfield code="p">01</subfield><subfield code="r">1992-06-29 10:59:00</subfield><subfield code="h">Z 997 .H92</subfield><subfield code="d">BUHR</subfield><subfield code="b">BUHR</subfield></datafield><datafield tag="974" ind1=" " ind2=" "><subfield code="8">22915831430006381</subfield><subfield code="f">1</subfield><subfield code="c">MAIN</subfield><subfield code="m">BOOK</subfield><subfield code="a">39015023474532</subfield><subfield code="i">Buhr B 788855</subfield><subfield code="e">MAIN</subfield><subfield code="u">mdp.39015023474532 pd 20201004</subfield><subfield code="7">23915831390006381</subfield><subfield code="z">v.4</subfield><subfield code="p">01</subfield><subfield code="r">1992-06-29 10:59:00</subfield><subfield code="h">Z 997 .H92</subfield><subfield code="d">BUHR</subfield><subfield code="b">BUHR</subfield></datafield><datafield tag="974" ind1=" " ind2=" "><subfield code="8">22915831430006381</subfield><subfield code="f">1</subfield><subfield code="c">MAIN</subfield><subfield code="m">BOOK</subfield><subfield code="a">39015023474524</subfield><subfield code="i">Buhr B 788856</subfield><subfield code="e">MAIN</subfield><subfield code="u">mdp.39015023474524 pd 20201004</subfield><subfield code="7">23915831380006381</subfield><subfield code="z">v.5</subfield><subfield code="p">01</subfield><subfield code="r">1992-06-29 10:59:00</subfield><subfield code="h">Z 997 .H92</subfield><subfield code="d">BUHR</subfield><subfield code="b">BUHR</subfield></datafield></record>