<record><leader>     nam a22003011a 4500</leader><controlfield tag="005">20040422000000.0</controlfield><controlfield tag="008">931104s1984    ru            10010 eng  </controlfield><controlfield tag="001">990027185720106381</controlfield><datafield tag="035" ind1=" " ind2=" "><subfield code="a">(MiU)002718572MIU01</subfield></datafield><datafield tag="010" ind1=" " ind2=" "><subfield code="a">85165185</subfield></datafield><datafield tag="035" ind1=" " ind2=" "><subfield code="a">(RLIN)MIUG93-B5713</subfield></datafield><datafield tag="035" ind1=" " ind2=" "><subfield code="a">(OCoLC)ocm11734582</subfield><subfield code="0">(uri) http://www.worldcat.org/oclc/11734582</subfield></datafield><datafield tag="035" ind1=" " ind2=" "><subfield code="a">(OCoLC)ocm11734582</subfield><subfield code="0">(uri) http://www.worldcat.org/oclc/11734582</subfield></datafield><datafield tag="040" ind1=" " ind2=" "><subfield code="a">DLC</subfield><subfield code="c">DLC</subfield><subfield code="d">DLC</subfield></datafield><datafield tag="041" ind1="1" ind2=" "><subfield code="a">engrus</subfield></datafield><datafield tag="043" ind1=" " ind2=" "><subfield code="a">a-ls---</subfield></datafield><datafield tag="050" ind1="0" ind2="0"><subfield code="a">JQ959.A8</subfield><subfield code="b">P436 1982</subfield></datafield><datafield tag="082" ind1="0" ind2="0"><subfield code="a">324.2594/075</subfield><subfield code="2">19</subfield></datafield><datafield tag="110" ind1="2" ind2=" "><subfield code="a">Phak Pasāson Pativat Lāo.</subfield><subfield code="b">Kō̜ng Pasum Yai</subfield><subfield code="n">(3rd :</subfield><subfield code="d">1982 :</subfield><subfield code="c">Viangchan, Laos)</subfield></datafield><datafield tag="245" ind1="1" ind2="4"><subfield code="a">The Third Congress of the Lao People's Revolutionary Party :</subfield><subfield code="b">documents and materials : Vientiane, April 27-30, 1982 ; [translated from the Russian by Dmitry Belyavsky and Stephen Coppen].</subfield></datafield><datafield tag="260" ind1=" " ind2=" "><subfield code="a">Moscow :</subfield><subfield code="b">Progress Publishers,</subfield><subfield code="c">c1984.</subfield></datafield><datafield tag="300" ind1=" " ind2=" "><subfield code="a">115 p. ;</subfield><subfield code="c">20 cm.</subfield></datafield><datafield tag="500" ind1=" " ind2=" "><subfield code="a">Title on verso t.p.: III Sʺezd Narodno-revoli͡ut͡sionnoĭ partii Laosa.</subfield></datafield><datafield tag="610" ind1="2" ind2="0"><subfield code="a">Phak Pasāson Pativat Lāo</subfield><subfield code="v">Congresses.</subfield><subfield code="0">(uri) http://id.loc.gov/authorities/names/n82213598</subfield><subfield code="0">(uri) http://viaf.org/viaf/sourceID/LC|n82213598</subfield></datafield><datafield tag="651" ind1=" " ind2="0"><subfield code="a">Laos</subfield><subfield code="x">Politics and government</subfield><subfield code="v">Congresses.</subfield><subfield code="0">(uri) http://id.loc.gov/authorities/names/n80128712</subfield><subfield code="0">(uri) http://viaf.org/viaf/sourceID/LC|n80128712</subfield></datafield><datafield tag="651" ind1=" " ind2="0"><subfield code="a">Laos</subfield><subfield code="x">Economic policy</subfield><subfield code="v">Congresses.</subfield><subfield code="0">(uri) http://id.loc.gov/authorities/names/n80128712</subfield><subfield code="0">(uri) http://viaf.org/viaf/sourceID/LC|n80128712</subfield></datafield><datafield tag="740" ind1="0" ind2=" "><subfield code="a">3rd Congress of the Lao People's Revolutionary Party.</subfield></datafield><datafield tag="740" ind1="0" ind2=" "><subfield code="a">III Sʺezd Narodno-revoli͡ut͡sionnoĭ partii Laosa.</subfield></datafield><datafield tag="998" ind1=" " ind2=" "><subfield code="c">SEA</subfield><subfield code="s">9110</subfield></datafield><datafield tag="958" ind1=" " ind2=" "><subfield code="a">MiU</subfield></datafield><datafield tag="959" ind1=" " ind2=" "><subfield code="a">(notis)ULAPG6549</subfield></datafield><datafield tag="995" ind1=" " ind2=" "><subfield code="a">20</subfield></datafield><datafield tag="BIB" ind1=" " ind2=" "><subfield code="u">2021-08-21 04:35:36 US/Eastern</subfield><subfield code="c">2021-06-21 14:53:41 US/Eastern</subfield></datafield><datafield tag="852" ind1="0" ind2=" "><subfield code="b">BUHR</subfield><subfield code="a">MiU</subfield><subfield code="c">MAIN</subfield><subfield code="h">JQ 959 .A8 P4361 1982</subfield><subfield code="8">22915935150006381</subfield></datafield><datafield tag="974" ind1=" " ind2=" "><subfield code="8">22915935150006381</subfield><subfield code="f">1</subfield><subfield code="c">MAIN</subfield><subfield code="m">BOOK</subfield><subfield code="a">39015029435289</subfield><subfield code="i">Buhr A 872963</subfield><subfield code="e">MAIN</subfield><subfield code="u">mdp.39015029435289 ic 20200511</subfield><subfield code="7">23915935140006381</subfield><subfield code="p">01</subfield><subfield code="r">1993-11-05 10:59:00</subfield><subfield code="h">JQ 959 .A8 P4361 1982</subfield><subfield code="d">BUHR</subfield><subfield code="b">BUHR</subfield></datafield></record>