<record><leader>00000nfm a22      a 4500</leader><controlfield tag="005">20160815170650.0</controlfield><controlfield tag="007">aj|canzn</controlfield><controlfield tag="008">081231s1765    xxuj      a     0   eng  </controlfield><controlfield tag="001">990059111680106381</controlfield><datafield tag="035" ind1=" " ind2=" "><subfield code="a">(MiU)005911168MIU01</subfield></datafield><datafield tag="035" ind1=" " ind2=" "><subfield code="a">(OCoLC)945089112</subfield><subfield code="0">(uri) http://www.worldcat.org/oclc/945089112</subfield></datafield><datafield tag="040" ind1=" " ind2=" "><subfield code="a">MiU-C</subfield><subfield code="c">MiU-C</subfield></datafield><datafield tag="100" ind1="1" ind2=" "><subfield code="a">Pittman, Philip,</subfield><subfield code="d">active 1760-1770.</subfield><subfield code="0">(uri) http://id.loc.gov/authorities/names/nr93031286</subfield><subfield code="0">(uri) http://viaf.org/viaf/sourceID/LC|nr93031286</subfield></datafield><datafield tag="245" ind1="1" ind2="2"><subfield code="a">A draught of the river Missisippi. From the Balise to Fort Cavendish :</subfield><subfield code="b">Taken in the months of June, July, August, September, October, and November on a passage to the Illinois with his majesty's Thirty fourth Regiment in the year 1765 /</subfield><subfield code="c">by Philip Pittman lieutenant of the 15th Regiment..</subfield></datafield><datafield tag="255" ind1=" " ind2=" "><subfield code="a">Scale of leagues.</subfield></datafield><datafield tag="260" ind1=" " ind2=" "><subfield code="c">1765.</subfield></datafield><datafield tag="300" ind1=" " ind2=" "><subfield code="a">1 ms. map :</subfield><subfield code="b">col. ;</subfield><subfield code="c">55.8 x 153 cm.</subfield></datafield><datafield tag="590" ind1=" " ind2=" "><subfield code="a">ACQ: Gage Papers.</subfield></datafield><datafield tag="510" ind1="4" ind2=" "><subfield code="a">Brun</subfield><subfield code="c">687.</subfield></datafield><datafield tag="500" ind1=" " ind2=" "><subfield code="a">Finished, colored topographical strip map of part of the Mississippi River. Many geographical features are noted along the river.</subfield></datafield><datafield tag="500" ind1=" " ind2=" "><subfield code="a">This map was published as A draught of the river Missisippi from the Balise up to Fort Chartres in Pittman, Philip. The present state of the European settlements on the Missisippi. London. 1770.</subfield></datafield><datafield tag="651" ind1=" " ind2="0"><subfield code="a">Mississippi River</subfield><subfield code="v">Manuscript maps.</subfield><subfield code="0">(uri) http://id.loc.gov/authorities/subjects/sh85086206</subfield></datafield><datafield tag="651" ind1=" " ind2="0"><subfield code="a">Louisiana</subfield><subfield code="v">Manuscript maps.</subfield><subfield code="0">(uri) http://id.loc.gov/authorities/names/n79138970</subfield><subfield code="0">(uri) http://viaf.org/viaf/sourceID/LC|n79138970</subfield></datafield><datafield tag="651" ind1=" " ind2="0"><subfield code="a">Mississippi</subfield><subfield code="v">Manuscript maps.</subfield><subfield code="0">(uri) http://id.loc.gov/authorities/names/n79138969</subfield><subfield code="0">(uri) http://viaf.org/viaf/sourceID/LC|n79138969</subfield></datafield><datafield tag="651" ind1=" " ind2="0"><subfield code="a">Arkansas</subfield><subfield code="v">Manuscript maps.</subfield><subfield code="0">(uri) http://id.loc.gov/authorities/names/n79034503</subfield><subfield code="0">(uri) http://viaf.org/viaf/sourceID/LC|n79034503</subfield></datafield><datafield tag="651" ind1=" " ind2="0"><subfield code="a">Tennessee</subfield><subfield code="v">Manuscript maps.</subfield><subfield code="0">(uri) http://id.loc.gov/authorities/names/n79060965</subfield><subfield code="0">(uri) http://viaf.org/viaf/sourceID/LC|n79060965</subfield></datafield><datafield tag="651" ind1=" " ind2="0"><subfield code="a">Kentucky</subfield><subfield code="v">Manuscript maps.</subfield><subfield code="0">(uri) http://id.loc.gov/authorities/names/n79018583</subfield><subfield code="0">(uri) http://viaf.org/viaf/sourceID/LC|n79018583</subfield></datafield><datafield tag="651" ind1=" " ind2="0"><subfield code="a">Missouri</subfield><subfield code="v">Manuscript maps.</subfield><subfield code="0">(uri) http://id.loc.gov/authorities/names/n79029210</subfield><subfield code="0">(uri) http://viaf.org/viaf/sourceID/LC|n79029210</subfield></datafield><datafield tag="651" ind1=" " ind2="0"><subfield code="a">Illinois</subfield><subfield code="v">Manuscript maps.</subfield><subfield code="0">(uri) http://id.loc.gov/authorities/names/n79053746</subfield><subfield code="0">(uri) http://viaf.org/viaf/sourceID/LC|n79053746</subfield></datafield><datafield tag="650" ind1=" " ind2="0"><subfield code="a">Manuscript maps.</subfield><subfield code="0">(uri) http://id.loc.gov/authorities/subjects/sh85080865</subfield></datafield><datafield tag="650" ind1=" " ind2="4"><subfield code="a">Gage Maps.</subfield></datafield><datafield tag="650" ind1=" " ind2="4"><subfield code="a">Brun Guide.</subfield></datafield><datafield tag="650" ind1=" " ind2="4"><subfield code="a">Maps shelf.</subfield></datafield><datafield tag="856" ind1="4" ind2="1"><subfield code="z">Digital version in Clements Library Image Bank</subfield><subfield code="u">http://quod.lib.umich.edu/w/wcl1ic/x-898/wcl000992</subfield></datafield><datafield tag="997" ind1=" " ind2=" "><subfield code="a">MARS</subfield></datafield><datafield tag="958" ind1=" " ind2=" "><subfield code="a">MiU-C</subfield></datafield><datafield tag="995" ind1=" " ind2=" "><subfield code="a">10</subfield></datafield><datafield tag="BIB" ind1=" " ind2=" "><subfield code="u">2021-08-21 04:35:51 US/Eastern</subfield><subfield code="c">2021-06-21 13:07:34 US/Eastern</subfield></datafield><datafield tag="852" ind1="8" ind2=" "><subfield code="b">CLEM</subfield><subfield code="a">MiU-C</subfield><subfield code="c">NONE</subfield><subfield code="h">Maps 8-K-1765 Pi</subfield><subfield code="8">22885644670006381</subfield></datafield><datafield tag="974" ind1=" " ind2=" "><subfield code="8">22885644670006381</subfield><subfield code="f">1</subfield><subfield code="c">NONE</subfield><subfield code="m">MAP</subfield><subfield code="a">B3311253</subfield><subfield code="e">NONE</subfield><subfield code="7">23885644650006381</subfield><subfield code="p">08</subfield><subfield code="r">2008-12-31 10:59:00</subfield><subfield code="h">Maps 8-K-1765 Pi</subfield><subfield code="d">CLEM</subfield><subfield code="b">CLEM</subfield></datafield></record>