<record><leader>     cam a22002291  4500</leader><controlfield tag="005">20031027000000.0</controlfield><controlfield tag="008">031027s1915    it            000 0 spa  </controlfield><controlfield tag="001">990043422250106381</controlfield><datafield tag="035" ind1=" " ind2=" "><subfield code="a">(MiU)004342225MIU01</subfield></datafield><datafield tag="010" ind1=" " ind2=" "><subfield code="a">16015182</subfield></datafield><datafield tag="035" ind1=" " ind2=" "><subfield code="9">(UL)ACE4726</subfield></datafield><datafield tag="035" ind1=" " ind2=" "><subfield code="a">(OCoLC)ocm07466736</subfield><subfield code="0">(uri) http://www.worldcat.org/oclc/07466736</subfield></datafield><datafield tag="040" ind1=" " ind2=" "><subfield code="c">MiU</subfield><subfield code="d">MiU</subfield></datafield><datafield tag="050" ind1="0" ind2=" "><subfield code="a">F1230</subfield><subfield code="b">.C828</subfield></datafield><datafield tag="100" ind1="1" ind2=" "><subfield code="a">Cortés, Hernán,</subfield><subfield code="d">1485-1547.</subfield><subfield code="0">(uri) http://id.loc.gov/authorities/names/n80133120</subfield><subfield code="0">(uri) http://viaf.org/viaf/sourceID/LC|n80133120</subfield></datafield><datafield tag="245" ind1="0" ind2="0"><subfield code="a">Cartas y otros documentos de Hernán Cortés,</subfield><subfield code="c">novísimamente descubiertos en el Archivo general de Indias de la ciudad de Sevilla, e ilustrados por el P. Mariano Cuevas, S. J.</subfield></datafield><datafield tag="260" ind1=" " ind2=" "><subfield code="a">Sevilla :</subfield><subfield code="b">Tip. de F. Díaz y compa,</subfield><subfield code="c">1915.</subfield></datafield><datafield tag="300" ind1=" " ind2=" "><subfield code="a">vii, 355, [1] p.</subfield><subfield code="c">28 cm.</subfield></datafield><datafield tag="651" ind1=" " ind2="0"><subfield code="a">Mexico</subfield><subfield code="x">History</subfield><subfield code="y">Conquest, 1519-1540</subfield><subfield code="v">Sources.</subfield><subfield code="0">(uri) http://id.loc.gov/authorities/subjects/sh2008115857</subfield></datafield><datafield tag="700" ind1="1" ind2=" "><subfield code="a">Cuevas, Mariano,</subfield><subfield code="d">1879-1949.</subfield><subfield code="0">(uri) http://id.loc.gov/authorities/names/n88642947</subfield><subfield code="0">(uri) http://viaf.org/viaf/sourceID/LC|n88642947</subfield></datafield><datafield tag="997" ind1=" " ind2=" "><subfield code="a">MARS</subfield></datafield><datafield tag="998" ind1=" " ind2=" "><subfield code="c">CW</subfield><subfield code="s">9124</subfield></datafield><datafield tag="958" ind1=" " ind2=" "><subfield code="a">MiU</subfield></datafield><datafield tag="959" ind1=" " ind2=" "><subfield code="a">(notis)ULBBZ4140</subfield></datafield><datafield tag="995" ind1=" " ind2=" "><subfield code="a">20</subfield></datafield><datafield tag="BIB" ind1=" " ind2=" "><subfield code="u">2021-08-21 04:36:00 US/Eastern</subfield><subfield code="c">2021-06-21 13:08:00 US/Eastern</subfield></datafield><datafield tag="852" ind1="0" ind2=" "><subfield code="b">HATCH</subfield><subfield code="a">MiU</subfield><subfield code="c">GRAD</subfield><subfield code="h">F 1230 .C8 A27</subfield><subfield code="8">22885727430006381</subfield></datafield><datafield tag="974" ind1=" " ind2=" "><subfield code="8">22885727430006381</subfield><subfield code="f">1</subfield><subfield code="c">GRAD</subfield><subfield code="m">BOOK</subfield><subfield code="w">|b    16015182 |d 1915</subfield><subfield code="a">39015005706810</subfield><subfield code="e">GRAD</subfield><subfield code="7">23885727420006381</subfield><subfield code="p">01</subfield><subfield code="r">1989-05-18 10:59:00</subfield><subfield code="h">F 1230 .C8 A27</subfield><subfield code="d">HATCH</subfield><subfield code="b">HATCH</subfield></datafield></record>