<record><leader>     nam a22003134a 4500</leader><controlfield tag="005">20030204000000.0</controlfield><controlfield tag="008">030204s2000    gau      b    000 0 eng  </controlfield><controlfield tag="001">990042876230106381</controlfield><datafield tag="035" ind1=" " ind2=" "><subfield code="a">(MiU)004287623MIU01</subfield></datafield><datafield tag="010" ind1=" " ind2=" "><subfield code="a">00061259</subfield></datafield><datafield tag="020" ind1=" " ind2=" "><subfield code="a">0884140288</subfield><subfield code="q">(alk. paper)</subfield><subfield code="0">(uri) http://www.isbnsearch.org/isbn/0884140288</subfield></datafield><datafield tag="035" ind1=" " ind2=" "><subfield code="a">(OCoLC)ocm44727693</subfield><subfield code="0">(uri) http://www.worldcat.org/oclc/44727693</subfield></datafield><datafield tag="035" ind1=" " ind2=" "><subfield code="a">(III)iiio41694636</subfield></datafield><datafield tag="040" ind1=" " ind2=" "><subfield code="a">DLC</subfield><subfield code="c">DLC</subfield><subfield code="d">OCL</subfield><subfield code="d">LVB</subfield><subfield code="d">EYM</subfield></datafield><datafield tag="041" ind1="0" ind2=" "><subfield code="a">enggrc</subfield></datafield><datafield tag="042" ind1=" " ind2=" "><subfield code="a">pcc</subfield></datafield><datafield tag="050" ind1="0" ind2="0"><subfield code="a">BS1830.A252</subfield><subfield code="b">L48 2000</subfield></datafield><datafield tag="082" ind1="0" ind2="0"><subfield code="a">229/.911</subfield><subfield code="2">21</subfield></datafield><datafield tag="100" ind1="1" ind2=" "><subfield code="a">Levison, John R.</subfield><subfield code="0">(uri) http://id.loc.gov/authorities/names/nr89013676</subfield><subfield code="0">(uri) http://viaf.org/viaf/sourceID/LC|nr89013676</subfield></datafield><datafield tag="245" ind1="1" ind2="0"><subfield code="a">Texts in transition :</subfield><subfield code="b">the Greek Life of Adam and Eve /</subfield><subfield code="c">by John R. Levison.</subfield></datafield><datafield tag="260" ind1=" " ind2=" "><subfield code="a">Atlanta, Ga. :</subfield><subfield code="b">Society of Biblical Literature,</subfield><subfield code="c">c2000.</subfield></datafield><datafield tag="300" ind1=" " ind2=" "><subfield code="a">x, 123 p. ;</subfield><subfield code="c">23 cm.</subfield></datafield><datafield tag="490" ind1="1" ind2=" "><subfield code="a">Early Judaism and its literature ;</subfield><subfield code="v">no. 16</subfield></datafield><datafield tag="500" ind1=" " ind2=" "><subfield code="a">Includes the Greek text of Life of Adam and Eve.</subfield></datafield><datafield tag="504" ind1=" " ind2=" "><subfield code="a">Includes bibliographical references.</subfield></datafield><datafield tag="630" ind1="0" ind2="0"><subfield code="a">Life of Adam and Eve</subfield><subfield code="x">Criticism, interpretation, etc.</subfield><subfield code="0">(uri) http://id.loc.gov/authorities/names/nr93009523</subfield><subfield code="0">(uri) http://viaf.org/viaf/sourceID/LC|nr93009523</subfield></datafield><datafield tag="730" ind1="0" ind2="2"><subfield code="a">Life of Adam and Eve.</subfield><subfield code="l">Greek.</subfield></datafield><datafield tag="830" ind1=" " ind2="0"><subfield code="a">Early Judaism and its literature ;</subfield><subfield code="v">no. 16</subfield><subfield code="0">(uri) http://id.loc.gov/authorities/names/n91048110</subfield><subfield code="0">(uri) http://viaf.org/viaf/sourceID/LC|n91048110</subfield></datafield><datafield tag="998" ind1=" " ind2=" "><subfield code="c">mcp jb</subfield></datafield><datafield tag="958" ind1=" " ind2=" "><subfield code="a">MiU</subfield></datafield><datafield tag="959" ind1=" " ind2=" "><subfield code="a">(notis)ULBBT5643</subfield></datafield><datafield tag="995" ind1=" " ind2=" "><subfield code="a">20</subfield></datafield><datafield tag="BIB" ind1=" " ind2=" "><subfield code="u">2021-08-21 04:35:42 US/Eastern</subfield><subfield code="c">2021-06-21 13:10:28 US/Eastern</subfield></datafield><datafield tag="852" ind1="0" ind2=" "><subfield code="b">HATCH</subfield><subfield code="a">MiU</subfield><subfield code="c">GRAD</subfield><subfield code="h">BS 1830 .A25 L48 2000</subfield><subfield code="8">22886461090006381</subfield></datafield><datafield tag="974" ind1=" " ind2=" "><subfield code="8">22886461090006381</subfield><subfield code="f">1</subfield><subfield code="c">GRAD</subfield><subfield code="m">BOOK</subfield><subfield code="a">39015055473279</subfield><subfield code="e">GRAD</subfield><subfield code="7">23886461070006381</subfield><subfield code="p">01</subfield><subfield code="r">2002-11-20 10:59:00</subfield><subfield code="h">BS 1830 .A25 L48 2000</subfield><subfield code="d">HATCH</subfield><subfield code="b">HATCH</subfield></datafield></record>