<record><leader>00000cam a2200397 a 4500</leader><controlfield tag="005">20100611132011.0</controlfield><controlfield tag="008">100204s2008    gr b          000 f greoc</controlfield><controlfield tag="001">990059536580106381</controlfield><datafield tag="035" ind1=" " ind2=" "><subfield code="a">(MiU)005953658MIU01</subfield></datafield><datafield tag="010" ind1=" " ind2=" "><subfield code="a">2010361212</subfield></datafield><datafield tag="020" ind1=" " ind2=" "><subfield code="a">9789604554447</subfield><subfield code="0">(uri) http://www.isbnsearch.org/isbn/9789604554447</subfield></datafield><datafield tag="020" ind1=" " ind2=" "><subfield code="a">9604554441</subfield><subfield code="0">(uri) http://www.isbnsearch.org/isbn/9604554441</subfield></datafield><datafield tag="035" ind1=" " ind2=" "><subfield code="a">(OCoLC)426250654</subfield><subfield code="0">(uri) http://www.worldcat.org/oclc/426250654</subfield></datafield><datafield tag="035" ind1=" " ind2=" "><subfield code="a">(OCoLC)ocn426250654</subfield><subfield code="0">(uri) http://www.worldcat.org/oclc/426250654</subfield></datafield><datafield tag="040" ind1=" " ind2=" "><subfield code="a">HLS</subfield><subfield code="c">HLS</subfield><subfield code="d">DLC</subfield><subfield code="d">ZCU</subfield><subfield code="d">YUS</subfield></datafield><datafield tag="042" ind1=" " ind2=" "><subfield code="a">pcc</subfield></datafield><datafield tag="043" ind1=" " ind2=" "><subfield code="a">e-gr---</subfield></datafield><datafield tag="049" ind1=" " ind2=" "><subfield code="a">EYMG</subfield></datafield><datafield tag="050" ind1="0" ind2="0"><subfield code="a">PA5622.A4845</subfield><subfield code="b">I53 2008</subfield></datafield><datafield tag="099" ind1=" " ind2=" "><subfield code="a">PA 5622 .A46 I53 2008</subfield></datafield><datafield tag="100" ind1="1" ind2=" "><subfield code="6">880-01</subfield><subfield code="a">Kalpouzos, Giannēs,</subfield><subfield code="d">1960-</subfield><subfield code="0">(uri) http://id.loc.gov/authorities/names/n2005091509</subfield><subfield code="0">(uri) http://viaf.org/viaf/sourceID/LC|n2005091509</subfield></datafield><datafield tag="245" ind1="1" ind2="0"><subfield code="6">880-02</subfield><subfield code="a">Imaret :</subfield><subfield code="b">stē skia tou rologiou /</subfield><subfield code="c">Giannēs Kalpouzos.</subfield></datafield><datafield tag="250" ind1=" " ind2=" "><subfield code="6">880-03</subfield><subfield code="a">1ē. ekd.</subfield></datafield><datafield tag="260" ind1=" " ind2=" "><subfield code="6">880-04</subfield><subfield code="a">Athēna :</subfield><subfield code="b">Metaichmio,</subfield><subfield code="c">2008.</subfield></datafield><datafield tag="300" ind1=" " ind2=" "><subfield code="a">559 p. :</subfield><subfield code="b">map ;</subfield><subfield code="c">21 cm.</subfield></datafield><datafield tag="490" ind1="1" ind2=" "><subfield code="6">880-05</subfield><subfield code="a">Metaichmio logotechnia</subfield><subfield code="0">(uri) http://id.loc.gov/authorities/names/no2006014887</subfield><subfield code="0">(uri) http://viaf.org/viaf/sourceID/LC|no2006014887</subfield></datafield><datafield tag="880" ind1="1" ind2=" "><subfield code="6">100-01/</subfield><subfield code="a">Καλπουζος, Γιαννης,</subfield><subfield code="d">1960-</subfield></datafield><datafield tag="880" ind1="1" ind2="0"><subfield code="6">245-02/</subfield><subfield code="a">Ιμαρετ :</subfield><subfield code="b">στη σκια του ρολογιου /</subfield><subfield code="c">Γιαννης Καλπουζος.</subfield></datafield><datafield tag="880" ind1=" " ind2=" "><subfield code="6">250-03/</subfield><subfield code="a">1η. εκδ.</subfield></datafield><datafield tag="880" ind1=" " ind2=" "><subfield code="6">260-04/</subfield><subfield code="a">Αθηνα :</subfield><subfield code="b">Μεταιχμιο,</subfield><subfield code="c">2008.</subfield></datafield><datafield tag="880" ind1="1" ind2=" "><subfield code="6">490-05/</subfield><subfield code="a">Μεταιχμιο λογοτεχνια</subfield></datafield><datafield tag="830" ind1=" " ind2="0"><subfield code="6">880-06</subfield><subfield code="a">Metaichmio logotechnia</subfield><subfield code="0">(uri) http://id.loc.gov/authorities/names/no2006014887</subfield><subfield code="0">(uri) http://viaf.org/viaf/sourceID/LC|no2006014887</subfield></datafield><datafield tag="880" ind1=" " ind2="0"><subfield code="6">830-06/</subfield><subfield code="a">Μεταιχμιο λογοτεχνια.</subfield></datafield><datafield tag="998" ind1=" " ind2=" "><subfield code="c">sla-lab 2010-06-11 Greek</subfield></datafield><datafield tag="958" ind1=" " ind2=" "><subfield code="a">MiU</subfield></datafield><datafield tag="995" ind1=" " ind2=" "><subfield code="a">20</subfield></datafield><datafield tag="BIB" ind1=" " ind2=" "><subfield code="u">2021-08-21 04:35:51 US/Eastern</subfield><subfield code="c">2021-06-21 13:07:01 US/Eastern</subfield></datafield><datafield tag="852" ind1="0" ind2=" "><subfield code="b">HATCH</subfield><subfield code="a">MiU</subfield><subfield code="c">GRAD</subfield><subfield code="h">PA 5622 .A46 I53 2008</subfield><subfield code="8">22885406780006381</subfield></datafield><datafield tag="974" ind1=" " ind2=" "><subfield code="8">22885406780006381</subfield><subfield code="f">1</subfield><subfield code="c">GRAD</subfield><subfield code="m">BOOK</subfield><subfield code="a">39015079274836</subfield><subfield code="e">GRAD</subfield><subfield code="7">23885406770006381</subfield><subfield code="p">01</subfield><subfield code="r">2009-02-26 10:59:00</subfield><subfield code="h">PA 5622 .A46 I53 2008</subfield><subfield code="d">HATCH</subfield><subfield code="b">HATCH</subfield></datafield></record>