<record><leader>     nam a22003491a 4500</leader><controlfield tag="005">20021021000000.0</controlfield><controlfield tag="008">011119s2000    cc af    b    000 0 chi d</controlfield><controlfield tag="001">990035705750106381</controlfield><datafield tag="035" ind1=" " ind2=" "><subfield code="a">(MiU)003570575MIU01</subfield></datafield><datafield tag="020" ind1=" " ind2=" "><subfield code="a">7533837754 :</subfield><subfield code="c">RMBY26.00</subfield><subfield code="0">(uri) http://www.isbnsearch.org/isbn/7533837754</subfield></datafield><datafield tag="035" ind1=" " ind2=" "><subfield code="a">(RLIN)MIUO01-B4398</subfield></datafield><datafield tag="035" ind1=" " ind2=" "><subfield code="a">(OCoLC)47275559</subfield><subfield code="0">(uri) http://www.worldcat.org/oclc/47275559</subfield></datafield><datafield tag="040" ind1=" " ind2=" "><subfield code="a">ICU-FE</subfield><subfield code="c">ICU-FE</subfield><subfield code="d">NNC</subfield><subfield code="d">MiU-A</subfield></datafield><datafield tag="043" ind1=" " ind2=" "><subfield code="a">a-cc-ka</subfield><subfield code="a">a-cc-su</subfield></datafield><datafield tag="050" ind1=" " ind2="4"><subfield code="a">DS793.T8</subfield><subfield code="b">C448 2000</subfield></datafield><datafield tag="100" ind1="1" ind2=" "><subfield code="6">880-01</subfield><subfield code="a">Chai, Jianhong,</subfield><subfield code="d">1944-</subfield><subfield code="0">(uri) http://id.loc.gov/authorities/names/n88241317</subfield><subfield code="0">(uri) http://viaf.org/viaf/sourceID/LC|n88241317</subfield></datafield><datafield tag="245" ind1="1" ind2="0"><subfield code="6">880-02</subfield><subfield code="a">Dunhuang Tulufan xue lun gao /</subfield><subfield code="c">Chai Jianhong zhu.</subfield></datafield><datafield tag="246" ind1="1" ind2="4"><subfield code="a">Dunhuangtulufanxuelungao</subfield></datafield><datafield tag="250" ind1=" " ind2=" "><subfield code="6">880-03</subfield><subfield code="a">Di 1 ban.</subfield></datafield><datafield tag="260" ind1=" " ind2=" "><subfield code="6">880-04</subfield><subfield code="a">Hangzhou :</subfield><subfield code="b">Zhejiang jiao yu chu ban she,</subfield><subfield code="c">2000.</subfield></datafield><datafield tag="300" ind1=" " ind2=" "><subfield code="a">4, 2, 11, 468 p., [6] p. of plates :</subfield><subfield code="b">ill. (some col) ;</subfield><subfield code="c">21 cm.</subfield></datafield><datafield tag="504" ind1=" " ind2=" "><subfield code="a">Includes bibliographical references.</subfield></datafield><datafield tag="651" ind1=" " ind2="0"><subfield code="a">Dunhuang (China)</subfield><subfield code="x">Antiquities.</subfield><subfield code="0">(uri) http://id.loc.gov/authorities/names/nr96042661</subfield><subfield code="0">(uri) http://viaf.org/viaf/sourceID/LC|nr96042661</subfield></datafield><datafield tag="651" ind1=" " ind2="0"><subfield code="a">Turpan Shi (China)</subfield><subfield code="x">Antiquities.</subfield><subfield code="0">(uri) http://id.loc.gov/authorities/names/n99057798</subfield><subfield code="0">(uri) http://viaf.org/viaf/sourceID/LC|n99057798</subfield></datafield><datafield tag="650" ind1=" " ind2="0"><subfield code="a">Dunhuang manuscripts.</subfield></datafield><datafield tag="880" ind1="1" ind2=" "><subfield code="6">100-01/</subfield><subfield code="a">柴剑虹,</subfield><subfield code="d">1944-</subfield></datafield><datafield tag="880" ind1="1" ind2="0"><subfield code="6">245-02/</subfield><subfield code="a">敦煌吐鲁番学论稿 /</subfield><subfield code="c">柴剑虹著.</subfield></datafield><datafield tag="880" ind1=" " ind2=" "><subfield code="6">250-03/</subfield><subfield code="a">第1版.</subfield></datafield><datafield tag="880" ind1=" " ind2=" "><subfield code="6">260-04/</subfield><subfield code="a">杭州 :</subfield><subfield code="b">浙江教育出版社,</subfield><subfield code="c">2000.</subfield></datafield><datafield tag="998" ind1=" " ind2=" "><subfield code="c">AM</subfield><subfield code="s">9114</subfield></datafield><datafield tag="958" ind1=" " ind2=" "><subfield code="a">MiU</subfield></datafield><datafield tag="987" ind1=" " ind2=" "><subfield code="a">PINYIN</subfield><subfield code="b">ICU-FE</subfield><subfield code="d">c</subfield></datafield><datafield tag="959" ind1=" " ind2=" "><subfield code="a">(notis)ULATL1232</subfield></datafield><datafield tag="995" ind1=" " ind2=" "><subfield code="a">20</subfield></datafield><datafield tag="BIB" ind1=" " ind2=" "><subfield code="u">2021-08-21 04:35:43 US/Eastern</subfield><subfield code="c">2021-06-21 13:07:08 US/Eastern</subfield></datafield><datafield tag="852" ind1="0" ind2=" "><subfield code="b">HATCH</subfield><subfield code="a">MiU</subfield><subfield code="c">ASIA</subfield><subfield code="h">DS 796 .T92 C34</subfield><subfield code="8">22885459230006381</subfield></datafield><datafield tag="974" ind1=" " ind2=" "><subfield code="8">22885459230006381</subfield><subfield code="f">1</subfield><subfield code="c">ASIA</subfield><subfield code="m">BOOK</subfield><subfield code="a">39015052450619</subfield><subfield code="e">ASIA</subfield><subfield code="u">mdp.39015052450619 ic 20190325</subfield><subfield code="7">23885459220006381</subfield><subfield code="p">01</subfield><subfield code="r">2001-11-27 10:59:00</subfield><subfield code="h">DS 796 .T92 C34</subfield><subfield code="d">HATCH</subfield><subfield code="b">HATCH</subfield></datafield></record>