<record><leader>00000nfm a22      a 4500</leader><controlfield tag="005">20090102112741.0</controlfield><controlfield tag="007">aj|canzn</controlfield><controlfield tag="008">090102s1722    laud      a     0   fre  </controlfield><controlfield tag="001">990059111820106381</controlfield><datafield tag="035" ind1=" " ind2=" "><subfield code="a">(MiU)005911182MIU01</subfield></datafield><datafield tag="035" ind1=" " ind2=" "><subfield code="a">(OCoLC)945089194</subfield><subfield code="0">(uri) http://www.worldcat.org/oclc/945089194</subfield></datafield><datafield tag="040" ind1=" " ind2=" "><subfield code="a">MiU-C</subfield><subfield code="c">MiU-C</subfield></datafield><datafield tag="100" ind1="1" ind2=" "><subfield code="a">Broutin, J. F.</subfield></datafield><datafield tag="245" ind1="1" ind2="0"><subfield code="a">Carte particulière des Natchitoches à 7 lieux de l'etablissement des Espagnols appellé les adayes à l'ouet des Natchitoches /</subfield><subfield code="c">levé par J.F. Broutin ingénieur en 1722.</subfield></datafield><datafield tag="255" ind1=" " ind2=" "><subfield code="a">Scale of toises.</subfield></datafield><datafield tag="260" ind1=" " ind2=" "><subfield code="c">1722.</subfield></datafield><datafield tag="300" ind1=" " ind2=" "><subfield code="a">1 facs. ms. map ;</subfield><subfield code="c">49.8 x 86.5 cm.</subfield></datafield><datafield tag="590" ind1=" " ind2=" "><subfield code="a">ACQ: Doysié 142.</subfield></datafield><datafield tag="500" ind1=" " ind2=" "><subfield code="a">Photostat of original manuscript in Service hydrographique de la marine, 4044c 50.</subfield></datafield><datafield tag="500" ind1=" " ind2=" "><subfield code="a">Detailed plan of Natchitoches settlement and fort giving names of concessionaires of farms.</subfield></datafield><datafield tag="500" ind1=" " ind2=" "><subfield code="a">Copy 2 (ACQ: Karpinski 728) is photograph from same source with dimensions of 22.7 x 38.7 cm.</subfield></datafield><datafield tag="651" ind1=" " ind2="0"><subfield code="a">Natchitoches (La.)</subfield><subfield code="v">Manuscript maps</subfield><subfield code="v">Facsimiles.</subfield><subfield code="0">(uri) http://id.loc.gov/authorities/names/n81089592</subfield><subfield code="0">(uri) http://viaf.org/viaf/sourceID/LC|n81089592</subfield></datafield><datafield tag="651" ind1=" " ind2="0"><subfield code="a">Louisiana</subfield><subfield code="v">Manuscript maps</subfield><subfield code="v">Facsimiles.</subfield><subfield code="0">(uri) http://id.loc.gov/authorities/names/n79138970</subfield><subfield code="0">(uri) http://viaf.org/viaf/sourceID/LC|n79138970</subfield></datafield><datafield tag="650" ind1=" " ind2="0"><subfield code="a">Real property</subfield><subfield code="v">Maps, Manuscript</subfield><subfield code="v">Facsimiles.</subfield><subfield code="0">(uri) http://id.loc.gov/authorities/subjects/sh85111739</subfield></datafield><datafield tag="650" ind1=" " ind2="0"><subfield code="a">Real property</subfield><subfield code="z">Louisiana</subfield><subfield code="z">Natchitoches</subfield><subfield code="v">Maps, Manuscript</subfield><subfield code="v">Facsimiles.</subfield><subfield code="0">(uri) http://id.loc.gov/authorities/subjects/sh85111739</subfield></datafield><datafield tag="650" ind1=" " ind2="0"><subfield code="a">Manuscript maps</subfield><subfield code="v">Facsimiles.</subfield><subfield code="0">(uri) http://id.loc.gov/authorities/subjects/sh85080865</subfield></datafield><datafield tag="650" ind1=" " ind2="4"><subfield code="a">Doysié Maps.</subfield></datafield><datafield tag="650" ind1=" " ind2="4"><subfield code="a">Karpinski Maps.</subfield></datafield><datafield tag="650" ind1=" " ind2="4"><subfield code="a">Maps shelf.</subfield></datafield><datafield tag="997" ind1=" " ind2=" "><subfield code="a">MARS</subfield></datafield><datafield tag="958" ind1=" " ind2=" "><subfield code="a">MiU-C</subfield></datafield><datafield tag="995" ind1=" " ind2=" "><subfield code="a">20</subfield></datafield><datafield tag="BIB" ind1=" " ind2=" "><subfield code="u">2021-08-21 04:35:51 US/Eastern</subfield><subfield code="c">2021-06-21 13:07:35 US/Eastern</subfield></datafield><datafield tag="852" ind1="8" ind2=" "><subfield code="b">CLEM</subfield><subfield code="a">MiU-C</subfield><subfield code="c">NONE</subfield><subfield code="h">Maps 7-K-1722 Br</subfield><subfield code="z">Facsimile.</subfield><subfield code="8">22885656610006381</subfield></datafield><datafield tag="852" ind1="8" ind2=" "><subfield code="b">CLEM</subfield><subfield code="a">MiU-C</subfield><subfield code="c">NONE</subfield><subfield code="h">Atl 1926 Ka (f) v. 14</subfield><subfield code="z">Facsimile.</subfield><subfield code="8">22885656590006381</subfield></datafield><datafield tag="974" ind1=" " ind2=" "><subfield code="8">22885656610006381</subfield><subfield code="f">1</subfield><subfield code="c">NONE</subfield><subfield code="m">MAP</subfield><subfield code="a">B3311271</subfield><subfield code="e">NONE</subfield><subfield code="7">23885656600006381</subfield><subfield code="p">08</subfield><subfield code="r">2009-01-02 10:59:00</subfield><subfield code="h">Maps 7-K-1722 Br</subfield><subfield code="d">CLEM</subfield><subfield code="b">CLEM</subfield></datafield><datafield tag="974" ind1=" " ind2=" "><subfield code="8">22885656590006381</subfield><subfield code="f">1</subfield><subfield code="c">NONE</subfield><subfield code="m">MAP</subfield><subfield code="a">B3311272</subfield><subfield code="e">NONE</subfield><subfield code="7">23885656580006381</subfield><subfield code="p">08</subfield><subfield code="r">2009-01-02 10:59:00</subfield><subfield code="h">Atl 1926 Ka (f) v. 14</subfield><subfield code="d">CLEM</subfield><subfield code="b">CLEM</subfield></datafield></record>