<record><leader>     nam a2200253 a 4500</leader><controlfield tag="005">20031007000000.0</controlfield><controlfield tag="008">030915s2003    enk           000 0 eng  </controlfield><controlfield tag="001">990043315830106381</controlfield><datafield tag="035" ind1=" " ind2=" "><subfield code="a">(MiU)004331583MIU01</subfield></datafield><datafield tag="015" ind1=" " ind2=" "><subfield code="a">GBA3-Z2734</subfield></datafield><datafield tag="020" ind1=" " ind2=" "><subfield code="a">1857533321</subfield><subfield code="0">(uri) http://www.isbnsearch.org/isbn/1857533321</subfield></datafield><datafield tag="035" ind1=" " ind2=" "><subfield code="a">(OCoLC)498596116</subfield><subfield code="0">(uri) http://www.worldcat.org/oclc/498596116</subfield></datafield><datafield tag="035" ind1=" " ind2=" "><subfield code="a">(III)iiio42263256</subfield></datafield><datafield tag="040" ind1=" " ind2=" "><subfield code="a">UKM</subfield><subfield code="c">UKM</subfield><subfield code="d">EYM</subfield></datafield><datafield tag="082" ind1="0" ind2="4"><subfield code="a">940.270223</subfield><subfield code="2">21</subfield></datafield><datafield tag="100" ind1="1" ind2=" "><subfield code="a">Forty, Simon.</subfield><subfield code="0">(uri) http://id.loc.gov/authorities/names/n84181778</subfield><subfield code="0">(uri) http://viaf.org/viaf/sourceID/LC|n84181778</subfield></datafield><datafield tag="245" ind1="1" ind2="0"><subfield code="a">Historical maps of the Napoleonic Wars /</subfield><subfield code="c">Simon Forty and Michael Swift.</subfield></datafield><datafield tag="260" ind1=" " ind2=" "><subfield code="a">London :</subfield><subfield code="b">Brassey's,</subfield><subfield code="c">2003.</subfield></datafield><datafield tag="300" ind1=" " ind2=" "><subfield code="a">144 p. :</subfield><subfield code="b">ill, col. maps ;</subfield><subfield code="c">25 x 28 cm.</subfield></datafield><datafield tag="650" ind1=" " ind2="0"><subfield code="a">Napoleonic Wars, 1800-1815</subfield><subfield code="x">Campaigns</subfield><subfield code="v">Maps.</subfield><subfield code="0">(uri) http://id.loc.gov/authorities/subjects/sh2010007179</subfield></datafield><datafield tag="600" ind1="0" ind2="0"><subfield code="a">Napoleon</subfield><subfield code="b">I,</subfield><subfield code="c">Emperor of the French,</subfield><subfield code="d">1769-1821</subfield><subfield code="x">Military leadership.</subfield><subfield code="0">(uri) http://id.loc.gov/authorities/names/n79054933</subfield><subfield code="0">(uri) http://viaf.org/viaf/sourceID/LC|n79054933</subfield></datafield><datafield tag="700" ind1="1" ind2=" "><subfield code="a">Swift, Michael.</subfield><subfield code="0">(uri) http://id.loc.gov/authorities/names/n84133661</subfield><subfield code="0">(uri) http://viaf.org/viaf/sourceID/LC|n84133661</subfield></datafield><datafield tag="998" ind1=" " ind2=" "><subfield code="c">MCP NJR</subfield></datafield><datafield tag="958" ind1=" " ind2=" "><subfield code="a">MiU</subfield></datafield><datafield tag="959" ind1=" " ind2=" "><subfield code="a">(notis)ULBBY2396</subfield></datafield><datafield tag="935" ind1=" " ind2=" "><subfield code="a">(OCoLC)51482176</subfield><subfield code="x">OCLC reclamation</subfield></datafield><datafield tag="995" ind1=" " ind2=" "><subfield code="a">20</subfield></datafield><datafield tag="BIB" ind1=" " ind2=" "><subfield code="u">2021-08-21 04:35:44 US/Eastern</subfield><subfield code="c">2021-06-21 13:07:37 US/Eastern</subfield></datafield><datafield tag="852" ind1="0" ind2=" "><subfield code="b">HATCH</subfield><subfield code="a">MiU</subfield><subfield code="c">CLARK</subfield><subfield code="h">DC 226.4 .F67 2003</subfield><subfield code="8">22885661690006381</subfield></datafield><datafield tag="974" ind1=" " ind2=" "><subfield code="8">22885661690006381</subfield><subfield code="f">1</subfield><subfield code="c">CLARK</subfield><subfield code="m">BOOK</subfield><subfield code="a">39015056920245</subfield><subfield code="e">CLARK</subfield><subfield code="u">mdp.39015056920245 ic 20210218</subfield><subfield code="7">23885661660006381</subfield><subfield code="p">01</subfield><subfield code="r">2003-08-06 10:59:00</subfield><subfield code="h">DC 226.4 .F67 2003</subfield><subfield code="d">HATCH</subfield><subfield code="b">HATCH</subfield></datafield></record>