<record><leader>     pam a2200565 i 4500</leader><controlfield tag="005">20160809043600.0</controlfield><controlfield tag="008">160331t20162016ohub     b    001 0beng  </controlfield><controlfield tag="001">990147505210106381</controlfield><datafield tag="035" ind1=" " ind2=" "><subfield code="a">(MiU)014750521MIU01</subfield></datafield><datafield tag="010" ind1=" " ind2=" "><subfield code="a">2016004173</subfield></datafield><datafield tag="020" ind1=" " ind2=" "><subfield code="a">9780821422014</subfield><subfield code="q">(paperback)</subfield><subfield code="0">(uri) http://www.isbnsearch.org/isbn/9780821422014</subfield></datafield><datafield tag="020" ind1=" " ind2=" "><subfield code="a">0821422014</subfield><subfield code="q">(paperback)</subfield><subfield code="0">(uri) http://www.isbnsearch.org/isbn/0821422014</subfield></datafield><datafield tag="020" ind1=" " ind2=" "><subfield code="z">9780821445501</subfield><subfield code="q">(pdf)</subfield></datafield><datafield tag="035" ind1=" " ind2=" "><subfield code="a">(OCoLC)932387004</subfield><subfield code="0">(uri) http://www.worldcat.org/oclc/932387004</subfield></datafield><datafield tag="035" ind1=" " ind2=" "><subfield code="a">(coutts)cts19680018</subfield></datafield><datafield tag="040" ind1=" " ind2=" "><subfield code="a">DLC</subfield><subfield code="b">eng</subfield><subfield code="e">rda</subfield><subfield code="c">DLC</subfield><subfield code="d">YDXCP</subfield><subfield code="d">BTCTA</subfield><subfield code="d">BDX</subfield><subfield code="d">OCLCO</subfield><subfield code="d">OCLCF</subfield><subfield code="d">OCLCO</subfield><subfield code="d">CaONFJC</subfield></datafield><datafield tag="042" ind1=" " ind2=" "><subfield code="a">pcc</subfield></datafield><datafield tag="043" ind1=" " ind2=" "><subfield code="a">f-nr---</subfield></datafield><datafield tag="050" ind1="0" ind2="0"><subfield code="a">PR9387.9.S27</subfield><subfield code="b">Z64 2016</subfield></datafield><datafield tag="082" ind1="0" ind2="0"><subfield code="a">823/.914</subfield><subfield code="a">B</subfield><subfield code="2">23</subfield></datafield><datafield tag="084" ind1=" " ind2=" "><subfield code="a">BIO000000</subfield><subfield code="a">SOC055000</subfield><subfield code="a">LCO001000</subfield><subfield code="2">bisacsh</subfield></datafield><datafield tag="100" ind1="1" ind2=" "><subfield code="a">Doron, Roy,</subfield><subfield code="e">author.</subfield><subfield code="0">(uri) http://id.loc.gov/authorities/names/no2012117684</subfield><subfield code="0">(uri) http://viaf.org/viaf/sourceID/LC|no2012117684</subfield></datafield><datafield tag="245" ind1="1" ind2="0"><subfield code="a">Ken Saro-Wiwa /</subfield><subfield code="c">Roy Doron and Toyin Falola.</subfield></datafield><datafield tag="264" ind1=" " ind2="1"><subfield code="a">Athens, Ohio :</subfield><subfield code="b">Ohio University Press,</subfield><subfield code="c">[2016]</subfield></datafield><datafield tag="264" ind1=" " ind2="4"><subfield code="c">©2016</subfield></datafield><datafield tag="300" ind1=" " ind2=" "><subfield code="a">176 pages :</subfield><subfield code="b">maps ;</subfield><subfield code="c">18 cm.</subfield></datafield><datafield tag="336" ind1=" " ind2=" "><subfield code="a">text</subfield><subfield code="b">txt</subfield><subfield code="2">rdacontent</subfield></datafield><datafield tag="337" ind1=" " ind2=" "><subfield code="a">unmediated</subfield><subfield code="b">n</subfield><subfield code="2">rdamedia</subfield></datafield><datafield tag="338" ind1=" " ind2=" "><subfield code="a">volume</subfield><subfield code="b">nc</subfield><subfield code="2">rdacarrier</subfield></datafield><datafield tag="490" ind1="0" ind2=" "><subfield code="a">Ohio short histories of Africa</subfield></datafield><datafield tag="504" ind1=" " ind2=" "><subfield code="a">Includes bibliographical references (pages 159-171) and index.</subfield></datafield><datafield tag="520" ind1=" " ind2=" "><subfield code="a">"Hanged by the Nigerian government on November 10, 1995, Ken Saro-Wiwa became a martyr for the Ogoni people and human rights activists, and a symbol of modern Africans' struggle against military dictatorship, corporate power, and environmental exploitation. Though he is rightly known for his human rights and environmental activism, he wore many hats: writer, television producer, businessman, and civil servant, among others. While the book sheds light on his many legacies, it is above all about Saro-Wiwa the man, not just Saro-Wiwa the symbol. Roy Doron and Toyin Falola portray a man who not only was formed by the complex forces of ethnicity, race, class, and politics in Nigeria, but who drove change in those same processes. Like others in the Ohio Short Histories of Africa series, Ken Saro-Wiwa is written to be accessible to the casual reader and student, yet indispensable to scholars"--</subfield><subfield code="c">Provided by publisher.</subfield></datafield><datafield tag="600" ind1="1" ind2="0"><subfield code="a">Saro-Wiwa, Ken,</subfield><subfield code="d">1941-1995.</subfield><subfield code="0">(uri) http://id.worldcat.org/fast/fst01436729</subfield><subfield code="0">(uri) http://id.loc.gov/authorities/names/n77017603</subfield><subfield code="0">(uri) http://viaf.org/viaf/sourceID/LC|n77017603</subfield></datafield><datafield tag="600" ind1="1" ind2="7"><subfield code="a">Saro-Wiwa, Ken,</subfield><subfield code="d">1941-1995.</subfield><subfield code="2">fast</subfield><subfield code="0">(OCoLC)fst01436729</subfield><subfield code="0">(uri) http://id.worldcat.org/fast/fst01436729</subfield><subfield code="0">(uri) http://id.loc.gov/authorities/names/n77017603</subfield><subfield code="0">(uri) http://viaf.org/viaf/sourceID/LC|n77017603</subfield></datafield><datafield tag="648" ind1=" " ind2="7"><subfield code="a">1900-1999</subfield><subfield code="2">fast</subfield></datafield><datafield tag="650" ind1=" " ind2="0"><subfield code="a">Authors, Nigerian</subfield><subfield code="y">20th century</subfield><subfield code="v">Biography.</subfield><subfield code="0">(uri) http://id.loc.gov/authorities/subjects/sh2009116320</subfield></datafield><datafield tag="650" ind1=" " ind2="0"><subfield code="a">Political activists</subfield><subfield code="z">Nigeria</subfield><subfield code="v">Biography.</subfield><subfield code="0">(uri) http://id.loc.gov/authorities/subjects/sh88005959</subfield></datafield><datafield tag="650" ind1=" " ind2="7"><subfield code="a">BIOGRAPHY &amp; AUTOBIOGRAPHY / General.</subfield><subfield code="2">bisacsh</subfield></datafield><datafield tag="650" ind1=" " ind2="7"><subfield code="a">SOCIAL SCIENCE / Agriculture &amp; Food.</subfield><subfield code="2">bisacsh</subfield></datafield><datafield tag="650" ind1=" " ind2="7"><subfield code="a">LITERARY COLLECTIONS / African.</subfield><subfield code="2">bisacsh</subfield></datafield><datafield tag="650" ind1=" " ind2="7"><subfield code="a">Authors, Nigerian.</subfield><subfield code="2">fast</subfield><subfield code="0">(OCoLC)fst00822247</subfield><subfield code="0">(uri) http://id.worldcat.org/fast/fst00822247</subfield></datafield><datafield tag="650" ind1=" " ind2="7"><subfield code="a">Political activists.</subfield><subfield code="2">fast</subfield><subfield code="0">(OCoLC)fst01069192</subfield><subfield code="0">(uri) http://id.worldcat.org/fast/fst01069192</subfield></datafield><datafield tag="651" ind1=" " ind2="7"><subfield code="a">Nigeria.</subfield><subfield code="2">fast</subfield><subfield code="0">(OCoLC)fst01205229</subfield><subfield code="0">(uri) http://id.worldcat.org/fast/fst01205229</subfield></datafield><datafield tag="655" ind1=" " ind2="7"><subfield code="a">Biography.</subfield><subfield code="2">fast</subfield><subfield code="0">(OCoLC)fst01423686</subfield><subfield code="0">(uri) http://id.worldcat.org/fast/fst01423686</subfield></datafield><datafield tag="700" ind1="1" ind2=" "><subfield code="a">Falola, Toyin,</subfield><subfield code="e">author.</subfield><subfield code="0">(uri) http://id.loc.gov/authorities/names/n84135529</subfield><subfield code="0">(uri) http://viaf.org/viaf/sourceID/LC|n84135529</subfield></datafield><datafield tag="997" ind1=" " ind2=" "><subfield code="a">MARS</subfield></datafield><datafield tag="958" ind1=" " ind2=" "><subfield code="a">MiU</subfield></datafield><datafield tag="937" ind1=" " ind2=" "><subfield code="a">19680018</subfield></datafield><datafield tag="955" ind1="0" ind2=" "><subfield code="a">MiU</subfield><subfield code="b">HATCH</subfield><subfield code="c">GRAD</subfield><subfield code="h">PR9387.9.S27 Z64 2016</subfield><subfield code="p">39015098072161</subfield><subfield code="z">014750521</subfield></datafield><datafield tag="980" ind1=" " ind2=" "><subfield code="e">17.19</subfield><subfield code="f">19680018</subfield></datafield><datafield tag="995" ind1=" " ind2=" "><subfield code="a">20</subfield></datafield><datafield tag="BIB" ind1=" " ind2=" "><subfield code="u">2021-08-21 04:36:09 US/Eastern</subfield><subfield code="c">2021-06-21 13:05:49 US/Eastern</subfield></datafield><datafield tag="852" ind1="0" ind2=" "><subfield code="b">HATCH</subfield><subfield code="a">MiU</subfield><subfield code="c">GRAD</subfield><subfield code="h">PR 9387.9 .S27 Z64 2016</subfield><subfield code="8">22885106950006381</subfield></datafield><datafield tag="974" ind1=" " ind2=" "><subfield code="8">22885106950006381</subfield><subfield code="f">1</subfield><subfield code="c">GRAD</subfield><subfield code="m">BOOK</subfield><subfield code="a">39015098072161</subfield><subfield code="e">GRAD</subfield><subfield code="7">23885106920006381</subfield><subfield code="p">01</subfield><subfield code="r">2016-07-20 10:59:00</subfield><subfield code="h">PR 9387.9 .S27 Z64 2016</subfield><subfield code="d">HATCH</subfield><subfield code="b">HATCH</subfield></datafield></record>