<record><leader>00000nfm a22      a 4500</leader><controlfield tag="005">20090102105614.0</controlfield><controlfield tag="007">aj|canzn</controlfield><controlfield tag="008">090102s1720    lauj      a     0   fre  </controlfield><controlfield tag="001">990059111770106381</controlfield><datafield tag="035" ind1=" " ind2=" "><subfield code="a">(MiU)005911177MIU01</subfield></datafield><datafield tag="035" ind1=" " ind2=" "><subfield code="a">(OCoLC)945089251</subfield><subfield code="0">(uri) http://www.worldcat.org/oclc/945089251</subfield></datafield><datafield tag="040" ind1=" " ind2=" "><subfield code="a">MiU-C</subfield><subfield code="c">MiU-C</subfield></datafield><datafield tag="245" ind1="0" ind2="0"><subfield code="a">[Cours du Mississipi depuis ses sources jusqu'à son embochure].</subfield></datafield><datafield tag="255" ind1=" " ind2=" "><subfield code="a">Scale of leagues.</subfield></datafield><datafield tag="260" ind1=" " ind2=" "><subfield code="c">[ca. 1720]</subfield></datafield><datafield tag="300" ind1=" " ind2=" "><subfield code="a">1 facs. ms. map ;</subfield><subfield code="c">92.5 x 29.2 cm.</subfield></datafield><datafield tag="590" ind1=" " ind2=" "><subfield code="a">ACQ: Doysié 90.</subfield></datafield><datafield tag="500" ind1=" " ind2=" "><subfield code="a">Photostat of original manuscript in Service hydrographique de la marine, 4040c 27.</subfield></datafield><datafield tag="500" ind1=" " ind2=" "><subfield code="a">Shows entire course of Mississippi River with major settlements and Native American nations identified.</subfield></datafield><datafield tag="651" ind1=" " ind2="0"><subfield code="a">Mississippi River</subfield><subfield code="v">Manuscript maps</subfield><subfield code="v">Facsimiles.</subfield><subfield code="0">(uri) http://id.loc.gov/authorities/subjects/sh85086206</subfield></datafield><datafield tag="651" ind1=" " ind2="0"><subfield code="a">Louisiana</subfield><subfield code="v">Manuscript maps</subfield><subfield code="v">Facsimiles.</subfield><subfield code="0">(uri) http://id.loc.gov/authorities/names/n79138970</subfield><subfield code="0">(uri) http://viaf.org/viaf/sourceID/LC|n79138970</subfield></datafield><datafield tag="651" ind1=" " ind2="0"><subfield code="a">Alabama</subfield><subfield code="v">Manuscript maps</subfield><subfield code="v">Facsimiles.</subfield><subfield code="0">(uri) http://id.loc.gov/authorities/names/n79027034</subfield><subfield code="0">(uri) http://viaf.org/viaf/sourceID/LC|n79027034</subfield></datafield><datafield tag="650" ind1=" " ind2="0"><subfield code="a">Manuscript maps</subfield><subfield code="v">Facsimiles.</subfield><subfield code="0">(uri) http://id.loc.gov/authorities/subjects/sh85080865</subfield></datafield><datafield tag="650" ind1=" " ind2="4"><subfield code="a">Doysié Maps.</subfield></datafield><datafield tag="650" ind1=" " ind2="4"><subfield code="a">Maps shelf.</subfield></datafield><datafield tag="997" ind1=" " ind2=" "><subfield code="a">MARS</subfield></datafield><datafield tag="958" ind1=" " ind2=" "><subfield code="a">MiU-C</subfield></datafield><datafield tag="995" ind1=" " ind2=" "><subfield code="a">20</subfield></datafield><datafield tag="BIB" ind1=" " ind2=" "><subfield code="u">2021-08-21 04:35:51 US/Eastern</subfield><subfield code="c">2021-06-21 13:07:22 US/Eastern</subfield></datafield><datafield tag="852" ind1="8" ind2=" "><subfield code="b">CLEM</subfield><subfield code="a">MiU-C</subfield><subfield code="c">NONE</subfield><subfield code="h">Maps 7-K-1720 Co.2</subfield><subfield code="8">22885543970006381</subfield></datafield><datafield tag="974" ind1=" " ind2=" "><subfield code="8">22885543970006381</subfield><subfield code="f">1</subfield><subfield code="c">NONE</subfield><subfield code="m">MAP</subfield><subfield code="a">B3311267</subfield><subfield code="e">NONE</subfield><subfield code="7">23885543960006381</subfield><subfield code="p">08</subfield><subfield code="r">2009-01-02 10:59:00</subfield><subfield code="h">Maps 7-K-1720 Co.2</subfield><subfield code="d">CLEM</subfield><subfield code="b">CLEM</subfield></datafield></record>