<record><leader>     nam a22002171  4500</leader><controlfield tag="005">19880718000000.0</controlfield><controlfield tag="008">880718s1802    fr            00010 fre  </controlfield><controlfield tag="001">990005639650106381</controlfield><datafield tag="035" ind1=" " ind2=" "><subfield code="a">(MiU)000563965MIU01</subfield></datafield><datafield tag="010" ind1=" " ind2=" "><subfield code="a">12008731</subfield></datafield><datafield tag="035" ind1=" " ind2=" "><subfield code="a">(RLIN)MIUG85-B38790</subfield></datafield><datafield tag="035" ind1=" " ind2=" "><subfield code="a">(CaOTULAS)160414643</subfield></datafield><datafield tag="035" ind1=" " ind2=" "><subfield code="a">(OCoLC)ocm23416897</subfield><subfield code="0">(uri) http://www.worldcat.org/oclc/23416897</subfield></datafield><datafield tag="040" ind1=" " ind2=" "><subfield code="c">MiU</subfield><subfield code="d">MiU</subfield></datafield><datafield tag="050" ind1="0" ind2=" "><subfield code="a">Q2084</subfield><subfield code="b">.B4</subfield></datafield><datafield tag="100" ind1="1" ind2=" "><subfield code="a">Thomas,</subfield><subfield code="c">M.</subfield><subfield code="q">(Antoine Léonard),</subfield><subfield code="d">1732-1785.</subfield><subfield code="0">(uri) http://id.loc.gov/authorities/names/n86812466</subfield><subfield code="0">(uri) http://viaf.org/viaf/sourceID/LC|n86812466</subfield></datafield><datafield tag="245" ind1="0" ind2="0"><subfield code="a">À la mémoire de Madame Geoffrin,</subfield><subfield code="c">par Thomas.</subfield></datafield><datafield tag="260" ind1=" " ind2=" "><subfield code="a">Paris,</subfield><subfield code="b">Desessarts, an x</subfield><subfield code="c">[1802]</subfield></datafield><datafield tag="300" ind1=" " ind2=" "><subfield code="a">31 p.</subfield><subfield code="c">20 cm.</subfield></datafield><datafield tag="600" ind1="1" ind2="0"><subfield code="a">Geoffrin, Marie-Thérèse Rodet,</subfield><subfield code="d">1699-1777.</subfield><subfield code="0">(uri) http://id.loc.gov/authorities/names/n2002026826</subfield><subfield code="0">(uri) http://viaf.org/viaf/sourceID/LC|n2002026826</subfield></datafield><datafield tag="998" ind1=" " ind2=" "><subfield code="c">JF</subfield><subfield code="s">9124</subfield></datafield><datafield tag="958" ind1=" " ind2=" "><subfield code="a">MiU</subfield></datafield><datafield tag="959" ind1=" " ind2=" "><subfield code="a">(notis)ULACK5070</subfield></datafield><datafield tag="995" ind1=" " ind2=" "><subfield code="a">20</subfield></datafield><datafield tag="BIB" ind1=" " ind2=" "><subfield code="u">2021-08-21 04:35:25 US/Eastern</subfield><subfield code="c">2021-06-21 13:04:41 US/Eastern</subfield></datafield><datafield tag="852" ind1="0" ind2=" "><subfield code="b">BUHR</subfield><subfield code="a">MiU</subfield><subfield code="c">MAIN</subfield><subfield code="h">DC135.G4 T4</subfield><subfield code="8">22884827420006381</subfield></datafield><datafield tag="974" ind1=" " ind2=" "><subfield code="8">22884827420006381</subfield><subfield code="f">1</subfield><subfield code="c">MAIN</subfield><subfield code="m">BOOK</subfield><subfield code="a">39015081961354</subfield><subfield code="i">Buhr B 638437</subfield><subfield code="e">MAIN</subfield><subfield code="u">mdp.39015081961354 pd 20200609</subfield><subfield code="7">23884827410006381</subfield><subfield code="p">01</subfield><subfield code="r">1990-07-19 10:59:00</subfield><subfield code="h">DC135.G4 T4</subfield><subfield code="d">BUHR</subfield><subfield code="b">BUHR</subfield></datafield></record>