<record><leader>00000ccm a22002297a 4500</leader><controlfield tag="005">20150514090016.0</controlfield><controlfield tag="008">950616s1924    ilu  a         n    eng d</controlfield><controlfield tag="001">990136712450106381</controlfield><datafield tag="035" ind1=" " ind2=" "><subfield code="a">(MiU)013671245MIU01</subfield></datafield><datafield tag="016" ind1="7" ind2=" "><subfield code="a">005094856</subfield><subfield code="2">Uk</subfield></datafield><datafield tag="035" ind1=" " ind2=" "><subfield code="a">(OCoLC)497845298</subfield><subfield code="0">(uri) http://www.worldcat.org/oclc/497845298</subfield></datafield><datafield tag="035" ind1=" " ind2=" "><subfield code="a">(OCoLC)ocn497845298</subfield><subfield code="0">(uri) http://www.worldcat.org/oclc/497845298</subfield></datafield><datafield tag="040" ind1=" " ind2=" "><subfield code="a">UKMGB</subfield><subfield code="b">eng</subfield><subfield code="c">UKMGB</subfield><subfield code="d">UBY</subfield><subfield code="d">OCLCO</subfield></datafield><datafield tag="100" ind1="1" ind2=" "><subfield code="a">Smith, Chris,</subfield><subfield code="d">1879-1949.</subfield><subfield code="0">(uri) http://id.loc.gov/authorities/names/no89020739</subfield><subfield code="0">(uri) http://viaf.org/viaf/sourceID/LC|no89020739</subfield></datafield><datafield tag="245" ind1="1" ind2="0"><subfield code="a">Indiana Avenue blues /</subfield><subfield code="c">words &amp; music by Chris Smith &amp; Henry Troy.</subfield></datafield><datafield tag="260" ind1=" " ind2=" "><subfield code="a">Chicago :</subfield><subfield code="b">Harold Rossiter Music Co.,</subfield><subfield code="c">c1924.</subfield></datafield><datafield tag="300" ind1=" " ind2=" "><subfield code="a">1 score. (5 p.) ;</subfield><subfield code="c">31 cm</subfield></datafield><datafield tag="590" ind1=" " ind2=" "><subfield code="a">Montgomery Collection.</subfield></datafield><datafield tag="650" ind1=" " ind2="0"><subfield code="a">Songs with piano.</subfield><subfield code="0">(uri) http://id.loc.gov/authorities/subjects/sh85125211</subfield></datafield><datafield tag="700" ind1="1" ind2=" "><subfield code="a">Troy, Henry,</subfield><subfield code="d">1908-1962.</subfield><subfield code="0">(uri) http://id.loc.gov/authorities/names/no93034430</subfield><subfield code="0">(uri) http://viaf.org/viaf/sourceID/LC|no93034430</subfield></datafield><datafield tag="997" ind1=" " ind2=" "><subfield code="a">MARS</subfield></datafield><datafield tag="998" ind1=" " ind2=" "><subfield code="c">reidkris-pcu CopyCat 20150514</subfield></datafield><datafield tag="958" ind1=" " ind2=" "><subfield code="a">MiU</subfield></datafield><datafield tag="995" ind1=" " ind2=" "><subfield code="a">20</subfield></datafield><datafield tag="BIB" ind1=" " ind2=" "><subfield code="u">2021-08-21 04:36:11 US/Eastern</subfield><subfield code="c">2021-06-21 13:05:40 US/Eastern</subfield></datafield><datafield tag="852" ind1="4" ind2=" "><subfield code="b">MUSIC</subfield><subfield code="a">MiU</subfield><subfield code="c">RARS</subfield><subfield code="j">SMC 72.015</subfield><subfield code="8">22885051060006381</subfield></datafield><datafield tag="974" ind1=" " ind2=" "><subfield code="8">22885051060006381</subfield><subfield code="f">1</subfield><subfield code="c">RARS</subfield><subfield code="m">SCORE</subfield><subfield code="a">B6865534</subfield><subfield code="e">RARS</subfield><subfield code="7">23885051050006381</subfield><subfield code="p">08</subfield><subfield code="r">2015-05-14 10:59:00</subfield><subfield code="h">SMC 72.015</subfield><subfield code="d">MUSIC</subfield><subfield code="b">MUSIC</subfield></datafield></record>