<record><leader>00000nam a22002171  4500</leader><controlfield tag="005">20060502122130.0</controlfield><controlfield tag="008">880912s1944    nyu           00011 eng  </controlfield><controlfield tag="001">990004794080106381</controlfield><datafield tag="035" ind1=" " ind2=" "><subfield code="a">(MiU)000479408MIU01</subfield></datafield><datafield tag="010" ind1=" " ind2=" "><subfield code="a">44040089</subfield></datafield><datafield tag="035" ind1=" " ind2=" "><subfield code="a">(RLIN)MIUG86-B112021</subfield></datafield><datafield tag="035" ind1=" " ind2=" "><subfield code="a">(CaOTULAS)160331546</subfield></datafield><datafield tag="035" ind1=" " ind2=" "><subfield code="a">(OCoLC)ocm01646403</subfield><subfield code="0">(uri) http://www.worldcat.org/oclc/01646403</subfield></datafield><datafield tag="040" ind1=" " ind2=" "><subfield code="a">CRic</subfield><subfield code="c">CRic</subfield><subfield code="d">MiU</subfield></datafield><datafield tag="050" ind1="0" ind2=" "><subfield code="a">PZ3.H87206</subfield><subfield code="b">De</subfield></datafield><datafield tag="100" ind1="1" ind2=" "><subfield code="a">Hughes, Dorothy B.</subfield><subfield code="q">(Dorothy Belle),</subfield><subfield code="d">1904-1993.</subfield><subfield code="0">(uri) http://id.loc.gov/authorities/names/n88619429</subfield><subfield code="0">(uri) http://viaf.org/viaf/sourceID/LC|n88619429</subfield></datafield><datafield tag="245" ind1="1" ind2="4"><subfield code="a">The delicate ape</subfield><subfield code="c">[by] Dorothy B. Hughes.</subfield></datafield><datafield tag="250" ind1=" " ind2=" "><subfield code="a">First edition.</subfield></datafield><datafield tag="260" ind1=" " ind2=" "><subfield code="a">New York,</subfield><subfield code="b">Duell, Sloan and Pearce</subfield><subfield code="c">[1944]</subfield></datafield><datafield tag="300" ind1=" " ind2=" "><subfield code="a">3 p. L., 3-252 p.</subfield><subfield code="c">20 cm.</subfield></datafield><datafield tag="998" ind1=" " ind2=" "><subfield code="c">RS</subfield><subfield code="s">9126</subfield></datafield><datafield tag="958" ind1=" " ind2=" "><subfield code="a">MiU</subfield></datafield><datafield tag="959" ind1=" " ind2=" "><subfield code="a">(notis)ULACA8965</subfield></datafield><datafield tag="995" ind1=" " ind2=" "><subfield code="a">20</subfield></datafield><datafield tag="BIB" ind1=" " ind2=" "><subfield code="u">2021-08-21 04:35:26 US/Eastern</subfield><subfield code="c">2021-06-21 13:04:33 US/Eastern</subfield></datafield><datafield tag="852" ind1="1" ind2=" "><subfield code="b">BUHR</subfield><subfield code="a">MiU</subfield><subfield code="c">MAIN</subfield><subfield code="h">828 H8924d</subfield><subfield code="8">22884773270006381</subfield></datafield><datafield tag="974" ind1=" " ind2=" "><subfield code="8">22884773270006381</subfield><subfield code="f">1</subfield><subfield code="c">MAIN</subfield><subfield code="m">BOOK</subfield><subfield code="a">39015030751187</subfield><subfield code="i">Buhr A 923361</subfield><subfield code="e">MAIN</subfield><subfield code="u">mdp.39015030751187 ic 20191023</subfield><subfield code="7">23884773260006381</subfield><subfield code="p">01</subfield><subfield code="r">1994-12-13 10:59:00</subfield><subfield code="h">828 H8924d</subfield><subfield code="d">BUHR</subfield><subfield code="b">BUHR</subfield></datafield></record>