<record><leader>00000nem a22      a 4500</leader><controlfield tag="005">20050209134709.0</controlfield><controlfield tag="007">aj|canzn</controlfield><controlfield tag="008">050124s1883    ilu       a     0   eng d</controlfield><controlfield tag="001">990049306360106381</controlfield><datafield tag="035" ind1=" " ind2=" "><subfield code="a">(MiU)004930636MIU01</subfield></datafield><datafield tag="035" ind1=" " ind2=" "><subfield code="a">(OCoLC)166639224</subfield><subfield code="0">(uri) http://www.worldcat.org/oclc/166639224</subfield></datafield><datafield tag="040" ind1=" " ind2=" "><subfield code="a">MiU-C</subfield><subfield code="c">MiU-C</subfield></datafield><datafield tag="110" ind1="2" ind2=" "><subfield code="a">Rand McNally and Company.</subfield><subfield code="0">(uri) http://id.loc.gov/authorities/names/n79150315</subfield><subfield code="0">(uri) http://viaf.org/viaf/sourceID/LC|n79150315</subfield></datafield><datafield tag="245" ind1="1" ind2="0"><subfield code="a">Positively the only line between Chicago, New York and Boston devoid of tedious transfers by ferry boats.</subfield></datafield><datafield tag="255" ind1=" " ind2=" "><subfield code="a">Scale indeterminate.</subfield></datafield><datafield tag="260" ind1=" " ind2=" "><subfield code="a">Chicago :</subfield><subfield code="b">Rand, McNally &amp; Co.,</subfield><subfield code="c">1883.</subfield></datafield><datafield tag="300" ind1=" " ind2=" "><subfield code="a">1 map ;</subfield><subfield code="c">32.8 x 73.5 cm.</subfield></datafield><datafield tag="500" ind1=" " ind2=" "><subfield code="a">In: Lake Shore &amp; Michigan Southern Railway. The popular American line.</subfield></datafield><datafield tag="500" ind1=" " ind2=" "><subfield code="a">Shows rail lines and major stations in northern United States.</subfield></datafield><datafield tag="500" ind1=" " ind2=" "><subfield code="a">Inset below map includes views of stations in Chicago and New York City.</subfield></datafield><datafield tag="610" ind1="2" ind2="0"><subfield code="a">Lake Shore &amp; Michigan Southern Railway</subfield><subfield code="v">Maps.</subfield><subfield code="0">(uri) http://id.loc.gov/authorities/names/n88291805</subfield><subfield code="0">(uri) http://viaf.org/viaf/sourceID/LC|n88291805</subfield></datafield><datafield tag="650" ind1=" " ind2="0"><subfield code="a">Railroads</subfield><subfield code="z">United States</subfield><subfield code="v">Maps.</subfield><subfield code="0">(uri) http://id.loc.gov/authorities/subjects/sh2008110441</subfield></datafield><datafield tag="650" ind1=" " ind2="4"><subfield code="a">Maps shelf.</subfield></datafield><datafield tag="650" ind1=" " ind2="4"><subfield code="a">Views, architectural (Chicago, Ill.)</subfield></datafield><datafield tag="650" ind1=" " ind2="4"><subfield code="a">Views, architectural (New York, N.Y.)</subfield></datafield><datafield tag="997" ind1=" " ind2=" "><subfield code="a">MARS</subfield></datafield><datafield tag="958" ind1=" " ind2=" "><subfield code="a">MiU-C</subfield></datafield><datafield tag="995" ind1=" " ind2=" "><subfield code="a">20</subfield></datafield><datafield tag="BIB" ind1=" " ind2=" "><subfield code="u">2021-08-21 04:36:01 US/Eastern</subfield><subfield code="c">2021-06-21 18:49:32 US/Eastern</subfield></datafield><datafield tag="852" ind1="8" ind2=" "><subfield code="b">CLEM</subfield><subfield code="a">MiU-C</subfield><subfield code="c">NONE</subfield><subfield code="h">Pam 1883 La</subfield><subfield code="8">22981842290006381</subfield></datafield><datafield tag="974" ind1=" " ind2=" "><subfield code="8">22981842290006381</subfield><subfield code="f">1</subfield><subfield code="c">NONE</subfield><subfield code="m">MAP</subfield><subfield code="a">B2227320</subfield><subfield code="e">NONE</subfield><subfield code="7">23981842280006381</subfield><subfield code="p">08</subfield><subfield code="r">2005-01-24 10:59:00</subfield><subfield code="h">Pam 1883 La</subfield><subfield code="d">CLEM</subfield><subfield code="b">CLEM</subfield></datafield></record>