<record><leader>     nam a22003731a 4500</leader><controlfield tag="005">20030728000000.0</controlfield><controlfield tag="008">030728s2003    cc af    b    000 0 chi d</controlfield><controlfield tag="001">990038519650106381</controlfield><datafield tag="035" ind1=" " ind2=" "><subfield code="a">(MiU)003851965MIU01</subfield></datafield><datafield tag="020" ind1=" " ind2=" "><subfield code="a">7030111087</subfield><subfield code="0">(uri) http://www.isbnsearch.org/isbn/7030111087</subfield></datafield><datafield tag="035" ind1=" " ind2=" "><subfield code="a">(RLIN)MIUO03-B6457</subfield></datafield><datafield tag="035" ind1=" " ind2=" "><subfield code="a">(OCoLC)56982798</subfield><subfield code="0">(uri) http://www.worldcat.org/oclc/56982798</subfield></datafield><datafield tag="040" ind1=" " ind2=" "><subfield code="a">PIT</subfield><subfield code="c">PIT</subfield><subfield code="d">MiU-A</subfield></datafield><datafield tag="043" ind1=" " ind2=" "><subfield code="a">a-cc-sh</subfield></datafield><datafield tag="050" ind1=" " ind2="4"><subfield code="a">DS797.75.T35</subfield><subfield code="b">L5 2003</subfield></datafield><datafield tag="100" ind1="1" ind2=" "><subfield code="6">880-01</subfield><subfield code="a">Li, Yuqun.</subfield><subfield code="0">(uri) http://id.loc.gov/authorities/names/nr2003031140</subfield><subfield code="0">(uri) http://viaf.org/viaf/sourceID/LC|nr2003031140</subfield></datafield><datafield tag="245" ind1="1" ind2="0"><subfield code="6">880-02</subfield><subfield code="a">Tianlong Shan shi ku =</subfield><subfield code="b">Tianlongshan grottoes /</subfield><subfield code="c">Li Yuqun, Li Gang bian zhu.</subfield></datafield><datafield tag="246" ind1="3" ind2="1"><subfield code="a">Tianlongshan grottoes</subfield></datafield><datafield tag="250" ind1=" " ind2=" "><subfield code="6">880-03</subfield><subfield code="a">Di 1 ban.</subfield></datafield><datafield tag="260" ind1=" " ind2=" "><subfield code="6">880-04</subfield><subfield code="a">Beijing :</subfield><subfield code="b">Ke xue chu ban she,</subfield><subfield code="c">2003.</subfield></datafield><datafield tag="300" ind1=" " ind2=" "><subfield code="a">viii, 297 p. [43] p. of plates :</subfield><subfield code="b">ill. (some col.) ;</subfield><subfield code="c">27 cm.</subfield></datafield><datafield tag="504" ind1=" " ind2=" "><subfield code="a">Includes bibliographical references.</subfield></datafield><datafield tag="650" ind1=" " ind2="0"><subfield code="a">Sculpture, Chinese</subfield><subfield code="z">China</subfield><subfield code="z">Tianlongshan Caves.</subfield><subfield code="0">(uri) http://id.loc.gov/authorities/subjects/sh85119052</subfield></datafield><datafield tag="650" ind1=" " ind2="0"><subfield code="a">Buddhist sculpture</subfield><subfield code="z">China</subfield><subfield code="z">Tianlongshan Caves.</subfield><subfield code="0">(uri) http://id.loc.gov/authorities/subjects/sh85119044</subfield></datafield><datafield tag="650" ind1=" " ind2="0"><subfield code="a">Buddhist cave temples</subfield><subfield code="z">China</subfield><subfield code="z">Taiyuan (Shanxi Sheng).</subfield><subfield code="0">(uri) http://id.loc.gov/authorities/subjects/sh85021500</subfield></datafield><datafield tag="700" ind1="1" ind2=" "><subfield code="6">880-05</subfield><subfield code="a">Li, Gang.</subfield></datafield><datafield tag="880" ind1="1" ind2=" "><subfield code="6">100-01/</subfield><subfield code="a">李裕群.</subfield></datafield><datafield tag="880" ind1="1" ind2="0"><subfield code="6">245-02/</subfield><subfield code="a">天龙山石窟 =</subfield><subfield code="b">Tianlongshan grottoes /</subfield><subfield code="c">李裕群, 李钢编著．</subfield></datafield><datafield tag="880" ind1=" " ind2=" "><subfield code="6">250-03/</subfield><subfield code="a">第1版.</subfield></datafield><datafield tag="880" ind1=" " ind2=" "><subfield code="6">260-04/</subfield><subfield code="a">北京 :</subfield><subfield code="b">科学出版社,</subfield><subfield code="c">2003.</subfield></datafield><datafield tag="880" ind1="1" ind2=" "><subfield code="6">700-05/</subfield><subfield code="a">李钢.</subfield></datafield><datafield tag="998" ind1=" " ind2=" "><subfield code="c">AC</subfield><subfield code="s">9112</subfield></datafield><datafield tag="958" ind1=" " ind2=" "><subfield code="a">MiU</subfield></datafield><datafield tag="987" ind1=" " ind2=" "><subfield code="a">PINYIN</subfield><subfield code="b">PIT</subfield><subfield code="c">20030623</subfield><subfield code="d">c</subfield></datafield><datafield tag="959" ind1=" " ind2=" "><subfield code="a">(notis)ULAUQ4536</subfield></datafield><datafield tag="995" ind1=" " ind2=" "><subfield code="a">20</subfield></datafield><datafield tag="BIB" ind1=" " ind2=" "><subfield code="u">2021-08-21 04:35:40 US/Eastern</subfield><subfield code="c">2021-06-21 18:49:29 US/Eastern</subfield></datafield><datafield tag="852" ind1="0" ind2=" "><subfield code="b">HATCH</subfield><subfield code="a">MiU</subfield><subfield code="c">ASIA</subfield><subfield code="h">NB 1046 .T54 L54</subfield><subfield code="8">22981837430006381</subfield></datafield><datafield tag="974" ind1=" " ind2=" "><subfield code="8">22981837430006381</subfield><subfield code="f">1</subfield><subfield code="c">ASIA</subfield><subfield code="m">BOOK</subfield><subfield code="a">39015052720201</subfield><subfield code="e">ASIA</subfield><subfield code="7">23981837420006381</subfield><subfield code="p">01</subfield><subfield code="r">2003-08-05 10:59:00</subfield><subfield code="h">NB 1046 .T54 L54</subfield><subfield code="d">HATCH</subfield><subfield code="b">HATCH</subfield></datafield></record>