<record><leader>     nam a2200217   4500</leader><controlfield tag="005">20001211000000.0</controlfield><controlfield tag="008">001211s1967    enkabcf  b    001 0 eng d</controlfield><controlfield tag="001">990035153490106381</controlfield><datafield tag="035" ind1=" " ind2=" "><subfield code="a">(MiU)003515349MIU01</subfield></datafield><datafield tag="035" ind1=" " ind2=" "><subfield code="a">(OCoLC)ocm03545786</subfield><subfield code="0">(uri) http://www.worldcat.org/oclc/03545786</subfield></datafield><datafield tag="040" ind1=" " ind2=" "><subfield code="a">CIN</subfield><subfield code="c">CIN</subfield><subfield code="d">OCL</subfield><subfield code="d">EYM</subfield></datafield><datafield tag="090" ind1=" " ind2=" "><subfield code="a">DC235</subfield><subfield code="b">.B75</subfield></datafield><datafield tag="100" ind1="1" ind2=" "><subfield code="a">Brett-James, Antony,</subfield><subfield code="d">1920-1984.</subfield><subfield code="0">(uri) http://id.loc.gov/authorities/names/n50044300</subfield><subfield code="0">(uri) http://viaf.org/viaf/sourceID/LC|n50044300</subfield></datafield><datafield tag="245" ind1="1" ind2="0"><subfield code="a">1812 :</subfield><subfield code="b">Eyewitness accounts of Napoleon's defeat in Russia /</subfield><subfield code="c">compiled, edited, and translated by Antony Brett-James.</subfield></datafield><datafield tag="260" ind1=" " ind2=" "><subfield code="a">London,</subfield><subfield code="b">Readers Union,</subfield><subfield code="c">1967.</subfield></datafield><datafield tag="300" ind1=" " ind2=" "><subfield code="a">vii, 308 p. :</subfield><subfield code="b">16 plates, ill., 4 maps, ports. ;</subfield><subfield code="c">23 cm.</subfield></datafield><datafield tag="504" ind1=" " ind2=" "><subfield code="a">Includes bibliography (p. 295-302) and index.</subfield></datafield><datafield tag="600" ind1="0" ind2="0"><subfield code="a">Napoleon</subfield><subfield code="b">I,</subfield><subfield code="c">Emperor of the French,</subfield><subfield code="d">1769-1821.</subfield><subfield code="0">(uri) http://id.loc.gov/authorities/names/n79054933</subfield><subfield code="0">(uri) http://viaf.org/viaf/sourceID/LC|n79054933</subfield></datafield><datafield tag="650" ind1=" " ind2="0"><subfield code="a">Napoleonic Wars, 1800-1815</subfield><subfield code="x">Campaigns</subfield><subfield code="z">Russia.</subfield><subfield code="0">(uri) http://id.loc.gov/authorities/subjects/sh85089775</subfield></datafield><datafield tag="998" ind1=" " ind2=" "><subfield code="c">mcp wh</subfield></datafield><datafield tag="958" ind1=" " ind2=" "><subfield code="a">MiU</subfield></datafield><datafield tag="959" ind1=" " ind2=" "><subfield code="a">(notis)ULATE5009</subfield></datafield><datafield tag="995" ind1=" " ind2=" "><subfield code="a">20</subfield></datafield><datafield tag="BIB" ind1=" " ind2=" "><subfield code="u">2021-08-21 04:35:40 US/Eastern</subfield><subfield code="c">2021-06-21 18:48:59 US/Eastern</subfield></datafield><datafield tag="852" ind1="0" ind2=" "><subfield code="b">BUHR</subfield><subfield code="a">MiU</subfield><subfield code="c">MAIN</subfield><subfield code="h">DC 235 .B85 1967</subfield><subfield code="8">22981758430006381</subfield></datafield><datafield tag="974" ind1=" " ind2=" "><subfield code="8">22981758430006381</subfield><subfield code="f">1</subfield><subfield code="c">MAIN</subfield><subfield code="m">BOOK</subfield><subfield code="a">39015049477949</subfield><subfield code="i">Buhr A 1255678</subfield><subfield code="e">MAIN</subfield><subfield code="u">mdp.39015049477949 ic 20200802</subfield><subfield code="7">23981758420006381</subfield><subfield code="p">01</subfield><subfield code="r">2000-12-12 10:59:00</subfield><subfield code="h">DC 235 .B85 1967</subfield><subfield code="d">BUHR</subfield><subfield code="b">BUHR</subfield></datafield></record>