<record><leader>00000cam a2200325 i 4500</leader><controlfield tag="006">m        d        </controlfield><controlfield tag="007">cr bn ---auaua</controlfield><controlfield tag="008">790917s1980    nyua          000 0 spa  </controlfield><controlfield tag="001">990099217510106381</controlfield><datafield tag="035" ind1=" " ind2=" "><subfield code="a">(MiU)009921751MIU01</subfield></datafield><datafield tag="019" ind1=" " ind2=" "><subfield code="a">16475544</subfield></datafield><datafield tag="020" ind1=" " ind2=" "><subfield code="a">0030438314</subfield><subfield code="0">(uri) http://www.isbnsearch.org/isbn/0030438314</subfield></datafield><datafield tag="035" ind1=" " ind2=" "><subfield code="a">(OCoLC)5495394</subfield><subfield code="0">(uri) http://www.worldcat.org/oclc/5495394</subfield></datafield><datafield tag="040" ind1=" " ind2=" "><subfield code="a">DLC</subfield><subfield code="c">DLC</subfield><subfield code="d">m.c.</subfield><subfield code="d">UKM</subfield><subfield code="d">EYD</subfield></datafield><datafield tag="041" ind1="0" ind2=" "><subfield code="a">spaeng</subfield></datafield><datafield tag="049" ind1=" " ind2=" "><subfield code="a">EYDX</subfield></datafield><datafield tag="090" ind1=" " ind2=" "><subfield code="a">LT305.S62</subfield><subfield code="b">G53 1980</subfield></datafield><datafield tag="100" ind1="1" ind2=" "><subfield code="a">Gill, Mary McVey.</subfield><subfield code="0">(uri) http://id.loc.gov/authorities/names/n2010039183</subfield><subfield code="0">(uri) http://viaf.org/viaf/sourceID/LC|n2010039183</subfield></datafield><datafield tag="245" ind1="1" ind2="0"><subfield code="a">En contacto :</subfield><subfield code="b">gramática en acción /</subfield><subfield code="c">Mary McVey Gill, Brenda Wegmann, Teresa Méndez-Faith.</subfield></datafield><datafield tag="260" ind1=" " ind2=" "><subfield code="a">New York :</subfield><subfield code="b">Holt, Rinehart and Winston,</subfield><subfield code="c">c1980.</subfield></datafield><datafield tag="300" ind1=" " ind2=" "><subfield code="a">2 v. :</subfield><subfield code="b">ill. ;</subfield><subfield code="c">23-28 cm.</subfield></datafield><datafield tag="490" ind1=" " ind2="0"><subfield code="a">Foreign language methodology.</subfield></datafield><datafield tag="505" ind1="0" ind2=" "><subfield code="a">[v. 1] Text -- [v. 2] Workbook.</subfield></datafield><datafield tag="538" ind1=" " ind2=" "><subfield code="a">Mode of access: Internet.</subfield></datafield><datafield tag="650" ind1=" " ind2="0"><subfield code="a">Spanish language</subfield><subfield code="x">Grammar.</subfield><subfield code="0">(uri) http://id.loc.gov/authorities/subjects/sh85126261</subfield></datafield><datafield tag="650" ind1=" " ind2="0"><subfield code="a">Spanish language</subfield><subfield code="v">Textbooks for foreign speakers</subfield><subfield code="x">English.</subfield><subfield code="0">(uri) http://id.loc.gov/authorities/subjects/sh2008112147</subfield></datafield><datafield tag="650" ind1=" " ind2="0"><subfield code="a">Spanish language</subfield><subfield code="x">Study and teaching (Secondary)</subfield><subfield code="0">(uri) http://id.loc.gov/authorities/subjects/sh85126261</subfield></datafield><datafield tag="700" ind1="1" ind2=" "><subfield code="a">Wegmann, Brenda,</subfield><subfield code="d">1941-</subfield><subfield code="0">(uri) http://id.loc.gov/authorities/names/n50022727</subfield><subfield code="0">(uri) http://viaf.org/viaf/sourceID/LC|n50022727</subfield></datafield><datafield tag="700" ind1="1" ind2=" "><subfield code="a">Méndez-Faith, Teresa.</subfield><subfield code="0">(uri) http://id.loc.gov/authorities/names/n79113252</subfield><subfield code="0">(uri) http://viaf.org/viaf/sourceID/LC|n79113252</subfield></datafield><datafield tag="958" ind1=" " ind2=" "><subfield code="a">MiU</subfield></datafield><datafield tag="995" ind1=" " ind2=" "><subfield code="a">20</subfield></datafield><datafield tag="BIB" ind1=" " ind2=" "><subfield code="u">2021-08-21 04:35:52 US/Eastern</subfield><subfield code="c">2021-06-21 18:48:14 US/Eastern</subfield></datafield></record>