<record><leader>00000cam a22003618a 4500</leader><controlfield tag="005">20111212133353.0</controlfield><controlfield tag="008">110218s2010    it a     bc   000 0 eng d</controlfield><controlfield tag="001">990109912020106381</controlfield><datafield tag="035" ind1=" " ind2=" "><subfield code="a">(MiU)010991202MIU01</subfield></datafield><datafield tag="020" ind1=" " ind2=" "><subfield code="a">9788857209104</subfield><subfield code="q">(paperback)</subfield><subfield code="0">(uri) http://www.isbnsearch.org/isbn/9788857209104</subfield></datafield><datafield tag="020" ind1=" " ind2=" "><subfield code="a">8857209105</subfield><subfield code="q">(paperback)</subfield><subfield code="0">(uri) http://www.isbnsearch.org/isbn/8857209105</subfield></datafield><datafield tag="020" ind1=" " ind2=" "><subfield code="a">9788857208305</subfield><subfield code="q">(hardcover)</subfield><subfield code="0">(uri) http://www.isbnsearch.org/isbn/9788857208305</subfield></datafield><datafield tag="020" ind1=" " ind2=" "><subfield code="a">8857208303</subfield><subfield code="0">(uri) http://www.isbnsearch.org/isbn/8857208303</subfield></datafield><datafield tag="035" ind1=" " ind2=" "><subfield code="a">(OCoLC)739048025</subfield><subfield code="0">(uri) http://www.worldcat.org/oclc/739048025</subfield></datafield><datafield tag="035" ind1=" " ind2=" "><subfield code="a">(coutts)cts13901017</subfield></datafield><datafield tag="040" ind1=" " ind2=" "><subfield code="a">BTCTA</subfield><subfield code="c">MZA</subfield><subfield code="d">YDXCP</subfield><subfield code="d">CaONFJC</subfield></datafield><datafield tag="050" ind1=" " ind2="4"><subfield code="a">NK7398.B79</subfield><subfield code="b">A4 2010</subfield></datafield><datafield tag="100" ind1="1" ind2=" "><subfield code="a">Triossi, Amanda.</subfield><subfield code="0">(uri) http://id.loc.gov/authorities/names/n90626506</subfield><subfield code="0">(uri) http://viaf.org/viaf/sourceID/LC|n90626506</subfield></datafield><datafield tag="245" ind1="1" ind2="0"><subfield code="a">Bulgari :</subfield><subfield code="b">125 years of Italian magnificence : Grand Palais /</subfield><subfield code="c">Amanda Triossi ; [exhibition and catalogue curated by Amanda Triossi ; forward, Alvar González-Palacios].</subfield></datafield><datafield tag="246" ind1="3" ind2="0"><subfield code="a">125 years of Italian magnificence</subfield></datafield><datafield tag="246" ind1="3" ind2="0"><subfield code="a">One hundred twenty-five years of Italian magnificence</subfield></datafield><datafield tag="260" ind1=" " ind2=" "><subfield code="a">Milan :</subfield><subfield code="b">Skira,</subfield><subfield code="c">c2010.</subfield></datafield><datafield tag="300" ind1=" " ind2=" "><subfield code="a">387 p. :</subfield><subfield code="b">ill. (chiefly col.) ;</subfield><subfield code="c">28 x 29 cm.</subfield></datafield><datafield tag="500" ind1=" " ind2=" "><subfield code="a">Published on the occasion of an exhibition held at the Grand Palais, Paris, Dec. 10, 2010-Jan. 12, 2011.</subfield></datafield><datafield tag="504" ind1=" " ind2=" "><subfield code="a">Includes bibliographical references (p. [386]-387).</subfield></datafield><datafield tag="610" ind1="2" ind2="0"><subfield code="a">Bulgari (Firm : Italy)</subfield><subfield code="x">History</subfield><subfield code="v">Exhibitions.</subfield><subfield code="0">(uri) http://id.loc.gov/authorities/names/n97005494</subfield><subfield code="0">(uri) http://viaf.org/viaf/sourceID/LC|n97005494</subfield></datafield><datafield tag="650" ind1=" " ind2="0"><subfield code="a">Jewelry</subfield><subfield code="z">Italy</subfield><subfield code="x">History</subfield><subfield code="v">Exhibitions.</subfield><subfield code="0">(uri) http://id.loc.gov/authorities/subjects/sh85070195</subfield></datafield><datafield tag="700" ind1="1" ind2=" "><subfield code="a">González-Palacios, Alvar.</subfield><subfield code="0">(uri) http://id.loc.gov/authorities/names/n50043479</subfield><subfield code="0">(uri) http://viaf.org/viaf/sourceID/LC|n50043479</subfield></datafield><datafield tag="710" ind1="2" ind2=" "><subfield code="a">Bulgari (Firm : Italy)</subfield><subfield code="0">(uri) http://id.loc.gov/authorities/names/n97005494</subfield><subfield code="0">(uri) http://viaf.org/viaf/sourceID/LC|n97005494</subfield></datafield><datafield tag="710" ind1="2" ind2=" "><subfield code="a">Grand Palais (Paris, France)</subfield><subfield code="0">(uri) http://id.loc.gov/authorities/names/n83071365</subfield><subfield code="0">(uri) http://viaf.org/viaf/sourceID/LC|n83071365</subfield></datafield><datafield tag="997" ind1=" " ind2=" "><subfield code="a">MARS</subfield></datafield><datafield tag="958" ind1=" " ind2=" "><subfield code="a">MiU</subfield></datafield><datafield tag="937" ind1=" " ind2=" "><subfield code="a">13901017</subfield></datafield><datafield tag="955" ind1="0" ind2=" "><subfield code="0">cts13901017</subfield><subfield code="a">MiU</subfield><subfield code="h">NK7398.B79 A4 2010</subfield><subfield code="p">39015090720197</subfield></datafield><datafield tag="980" ind1=" " ind2=" "><subfield code="e">80.00</subfield><subfield code="f">13901017</subfield></datafield><datafield tag="995" ind1=" " ind2=" "><subfield code="a">20</subfield></datafield><datafield tag="BIB" ind1=" " ind2=" "><subfield code="u">2021-08-21 04:36:13 US/Eastern</subfield><subfield code="c">2021-06-21 18:47:29 US/Eastern</subfield></datafield><datafield tag="852" ind1="0" ind2=" "><subfield code="b">FINE</subfield><subfield code="a">MiU</subfield><subfield code="c">NONE</subfield><subfield code="h">NK7398.B79 A4 2010</subfield><subfield code="8">22981330420006381</subfield></datafield><datafield tag="974" ind1=" " ind2=" "><subfield code="8">22981330420006381</subfield><subfield code="f">1</subfield><subfield code="c">NONE</subfield><subfield code="m">BOOK</subfield><subfield code="a">39015090720197</subfield><subfield code="e">NONE</subfield><subfield code="7">23981330410006381</subfield><subfield code="p">02</subfield><subfield code="r">2011-11-03 10:59:00</subfield><subfield code="h">NK7398.B79 A4 2010</subfield><subfield code="d">FINE</subfield><subfield code="b">FINE</subfield></datafield></record>