<record><leader>00000ngm a2200565 a 4500</leader><controlfield tag="005">20111118165150.0</controlfield><controlfield tag="007">vd cvaizu</controlfield><controlfield tag="008">100312p20092006xxu101            vlkor d</controlfield><controlfield tag="001">990109908660106381</controlfield><datafield tag="035" ind1=" " ind2=" "><subfield code="a">(MiU)010990866MIU01</subfield></datafield><datafield tag="024" ind1="1" ind2=" "><subfield code="a">829567069325</subfield></datafield><datafield tag="028" ind1="4" ind2="2"><subfield code="a">670693</subfield><subfield code="b">CJ Entertainment</subfield></datafield><datafield tag="035" ind1=" " ind2=" "><subfield code="a">(OCoLC)551781020</subfield><subfield code="0">(uri) http://www.worldcat.org/oclc/551781020</subfield></datafield><datafield tag="035" ind1=" " ind2=" "><subfield code="a">(OCoLC)ocn551781020</subfield><subfield code="0">(uri) http://www.worldcat.org/oclc/551781020</subfield></datafield><datafield tag="037" ind1=" " ind2=" "><subfield code="b">Midwest Tape</subfield><subfield code="n">http://www.midwesttapes.com</subfield></datafield><datafield tag="040" ind1=" " ind2=" "><subfield code="a">TEFMT</subfield><subfield code="c">TEFMT</subfield><subfield code="d">TEF</subfield><subfield code="d">OCLCA</subfield></datafield><datafield tag="041" ind1="1" ind2=" "><subfield code="a">kor</subfield><subfield code="j">eng</subfield><subfield code="h">kor</subfield></datafield><datafield tag="050" ind1=" " ind2="4"><subfield code="a">PN1997.2</subfield><subfield code="b">.O53 2009</subfield></datafield><datafield tag="082" ind1="0" ind2="4"><subfield code="a">791.43/72</subfield><subfield code="2">22</subfield></datafield><datafield tag="099" ind1=" " ind2=" "><subfield code="a">VIDEO-D 56359-D</subfield></datafield><datafield tag="245" ind1="0" ind2="0"><subfield code="a">Once upon a time in a battlefield</subfield><subfield code="h">[videorecording] /</subfield><subfield code="c">Cinema Service presents ; in association with CJ Entertainment ; a Cineworld production ; a Lee Jun-Ik film ; produced by Lee Jun-Ik, Cho Cheol-Hyun ; screenplay by Choi Seok-Hwan, Cho Cheol-Hyun ; directed by Lee Jun-Ik.</subfield></datafield><datafield tag="260" ind1=" " ind2=" "><subfield code="a">[United States?] :</subfield><subfield code="b">CJ Entertainment :</subfield><subfield code="b">Virgil Films,</subfield><subfield code="c">[2009]</subfield></datafield><datafield tag="300" ind1=" " ind2=" "><subfield code="a">1 videodisc (101 min.) :</subfield><subfield code="b">sd., col. ;</subfield><subfield code="c">4 3/4 in.</subfield></datafield><datafield tag="538" ind1=" " ind2=" "><subfield code="a">DVD; NTSC; region 0; widescreen.</subfield></datafield><datafield tag="546" ind1=" " ind2=" "><subfield code="a">Korean dialogue; English subtitles.</subfield></datafield><datafield tag="500" ind1=" " ind2=" "><subfield code="a">Title from container.</subfield></datafield><datafield tag="511" ind1="1" ind2=" "><subfield code="a">Park Joong-Hoon, Jung Jin-Young, Lee Moon-Sik.</subfield></datafield><datafield tag="508" ind1=" " ind2=" "><subfield code="a">Cinematography, Ji Gil-Woong ; editor, Kim Jae-Bum ; music, Oh Seok-Jin.</subfield></datafield><datafield tag="500" ind1=" " ind2=" "><subfield code="a">Originally released as a motion picture in 2006.</subfield></datafield><datafield tag="521" ind1="8" ind2=" "><subfield code="a">Not rated.</subfield></datafield><datafield tag="520" ind1=" " ind2=" "><subfield code="a">Set in the 7th century AD during the Korean peninsula's division into three perpetually warring kingdoms, it focuses on Shilla king Kim Choon-chu's efforts to conquer his rivals: Koguryo and Baekche. To achieve this goal, he allies with mainland China's Tang empire, the superpower of the era, and together the two polities plan to attack first the weakest Baekche at its main fortress of Hwangsanbul, guarding the only easy access to the mountainous interior.</subfield></datafield><datafield tag="651" ind1=" " ind2="0"><subfield code="a">Korea</subfield><subfield code="x">History</subfield><subfield code="y">To 935</subfield><subfield code="v">Drama.</subfield><subfield code="0">(uri) http://id.loc.gov/authorities/subjects/sh85073008</subfield></datafield><datafield tag="650" ind1=" " ind2="0"><subfield code="a">Battles</subfield><subfield code="v">Drama.</subfield><subfield code="0">(uri) http://id.loc.gov/authorities/subjects/sh85012434</subfield></datafield><datafield tag="655" ind1=" " ind2="0"><subfield code="a">Action and adventure films.</subfield><subfield code="0">(uri) http://id.loc.gov/authorities/subjects/gf2011026005</subfield></datafield><datafield tag="655" ind1=" " ind2="0"><subfield code="a">Historical films.</subfield><subfield code="0">(uri) http://id.loc.gov/authorities/subjects/gf2011026311</subfield></datafield><datafield tag="655" ind1=" " ind2="0"><subfield code="a">Fiction films.</subfield><subfield code="0">(uri) http://id.loc.gov/authorities/subjects/gf2011026250</subfield></datafield><datafield tag="655" ind1=" " ind2="0"><subfield code="a">Feature films.</subfield><subfield code="0">(uri) http://id.loc.gov/authorities/subjects/gf2011026247</subfield></datafield><datafield tag="700" ind1="1" ind2=" "><subfield code="a">Jun-Ik, Lee.</subfield></datafield><datafield tag="700" ind1="1" ind2=" "><subfield code="a">Cheol-Hyun, Cho.</subfield></datafield><datafield tag="700" ind1="1" ind2=" "><subfield code="a">Seok-Hwan, Choi.</subfield></datafield><datafield tag="700" ind1="1" ind2=" "><subfield code="a">Joong-Hoon, Park.</subfield></datafield><datafield tag="700" ind1="1" ind2=" "><subfield code="a">Jin-Young, Jung.</subfield></datafield><datafield tag="700" ind1="1" ind2=" "><subfield code="a">Moon-Sik, Lee.</subfield></datafield><datafield tag="700" ind1="1" ind2=" "><subfield code="a">Gil-Woong, Ji.</subfield></datafield><datafield tag="700" ind1="1" ind2=" "><subfield code="a">Jae-Bum, Kim.</subfield></datafield><datafield tag="700" ind1="1" ind2=" "><subfield code="a">Seok-Jin, Oh.</subfield></datafield><datafield tag="710" ind1="2" ind2=" "><subfield code="a">Sinema Sŏbisŭ (Firm)</subfield><subfield code="0">(uri) http://id.loc.gov/authorities/names/no2020119593</subfield><subfield code="0">(uri) http://viaf.org/viaf/sourceID/LC|no2020119593</subfield></datafield><datafield tag="710" ind1="2" ind2=" "><subfield code="a">Cineworld (Firm)</subfield></datafield><datafield tag="710" ind1="2" ind2=" "><subfield code="a">CJ Ent'ŏt'einmŏnt'ŭ (Firm)</subfield><subfield code="0">(uri) http://id.loc.gov/authorities/names/no2005070959</subfield><subfield code="0">(uri) http://viaf.org/viaf/sourceID/LC|no2005070959</subfield></datafield><datafield tag="710" ind1="2" ind2=" "><subfield code="a">Virgil Films.</subfield><subfield code="0">(uri) http://id.loc.gov/authorities/names/no2009088652</subfield><subfield code="0">(uri) http://viaf.org/viaf/sourceID/LC|no2009088652</subfield></datafield><datafield tag="994" ind1=" " ind2=" "><subfield code="a">Z0</subfield><subfield code="b">EYM</subfield></datafield><datafield tag="997" ind1=" " ind2=" "><subfield code="a">MARS</subfield></datafield><datafield tag="998" ind1=" " ind2=" "><subfield code="c">jpwagn-monorec CopyCat20111118</subfield></datafield><datafield tag="958" ind1=" " ind2=" "><subfield code="a">MiU</subfield></datafield><datafield tag="995" ind1=" " ind2=" "><subfield code="a">20</subfield></datafield><datafield tag="BIB" ind1=" " ind2=" "><subfield code="u">2021-08-21 04:36:13 US/Eastern</subfield><subfield code="c">2021-06-21 18:47:25 US/Eastern</subfield></datafield><datafield tag="852" ind1="4" ind2=" "><subfield code="b">FVL</subfield><subfield code="a">MiU</subfield><subfield code="c">H1</subfield><subfield code="j">VIDEO-D 56359-D</subfield><subfield code="8">22981338950006381</subfield></datafield><datafield tag="974" ind1=" " ind2=" "><subfield code="8">22981338950006381</subfield><subfield code="f">1</subfield><subfield code="c">H1</subfield><subfield code="m">OTHERVM</subfield><subfield code="a">39015087965722</subfield><subfield code="i">h25756</subfield><subfield code="e">H1</subfield><subfield code="7">23981338940006381</subfield><subfield code="p">01</subfield><subfield code="r">2011-11-01 10:59:00</subfield><subfield code="h">VIDEO-D 56359-D</subfield><subfield code="d">FVL</subfield><subfield code="b">FVL</subfield></datafield></record>