<record><leader>00000cam a2200301 a 4500</leader><controlfield tag="005">20150824135943.0</controlfield><controlfield tag="008">150729s2015    fr ab  g b    000 0 fre d</controlfield><controlfield tag="001">990138195100106381</controlfield><datafield tag="035" ind1=" " ind2=" "><subfield code="a">(MiU)013819510MIU01</subfield></datafield><datafield tag="020" ind1=" " ind2=" "><subfield code="a">9782717868081</subfield><subfield code="q">(pbk.)</subfield><subfield code="0">(uri) http://www.isbnsearch.org/isbn/9782717868081</subfield></datafield><datafield tag="020" ind1=" " ind2=" "><subfield code="a">2717868089</subfield><subfield code="q">(pbk.)</subfield><subfield code="0">(uri) http://www.isbnsearch.org/isbn/2717868089</subfield></datafield><datafield tag="035" ind1=" " ind2=" "><subfield code="a">(OCoLC)915327974</subfield><subfield code="0">(uri) http://www.worldcat.org/oclc/915327974</subfield></datafield><datafield tag="035" ind1=" " ind2=" "><subfield code="a">(OCoLC)ocn915327974</subfield><subfield code="0">(uri) http://www.worldcat.org/oclc/915327974</subfield></datafield><datafield tag="040" ind1=" " ind2=" "><subfield code="a">AUXAM</subfield><subfield code="b">eng</subfield><subfield code="c">AUXAM</subfield><subfield code="d">TEF</subfield></datafield><datafield tag="043" ind1=" " ind2=" "><subfield code="a">e-fr---</subfield></datafield><datafield tag="050" ind1="1" ind2="4"><subfield code="a">DC242</subfield><subfield code="b">.R48 2015</subfield></datafield><datafield tag="100" ind1="1" ind2=" "><subfield code="a">Reverchon, Antoine.</subfield><subfield code="0">(uri) http://id.loc.gov/authorities/names/n2015041264</subfield><subfield code="0">(uri) http://viaf.org/viaf/sourceID/LC|n2015041264</subfield></datafield><datafield tag="245" ind1="1" ind2="0"><subfield code="a">Et si Napoléon avait gagné à Waterloo? /</subfield><subfield code="c">Antoine Reverchon.</subfield></datafield><datafield tag="260" ind1=" " ind2=" "><subfield code="a">Paris :</subfield><subfield code="b">Economica,</subfield><subfield code="c">c2015.</subfield></datafield><datafield tag="300" ind1=" " ind2=" "><subfield code="a">171 p. :</subfield><subfield code="b">ill., maps ;</subfield><subfield code="c">24 cm.</subfield></datafield><datafield tag="490" ind1="0" ind2=" "><subfield code="a">Collection Mystères de guerre ;</subfield><subfield code="v">7</subfield></datafield><datafield tag="504" ind1=" " ind2=" "><subfield code="a">Includes bibliographical references (p. [169]-171).</subfield></datafield><datafield tag="600" ind1="0" ind2="0"><subfield code="a">Napoleon</subfield><subfield code="b">I,</subfield><subfield code="c">Emperor of the French,</subfield><subfield code="d">1769-1821.</subfield><subfield code="0">(uri) http://id.loc.gov/authorities/names/n79054933</subfield><subfield code="0">(uri) http://viaf.org/viaf/sourceID/LC|n79054933</subfield></datafield><datafield tag="650" ind1=" " ind2="0"><subfield code="a">Waterloo, Battle of, Waterloo, Belgium, 1815.</subfield><subfield code="0">(uri) http://id.loc.gov/authorities/subjects/sh85145739</subfield></datafield><datafield tag="651" ind1=" " ind2="0"><subfield code="a">France</subfield><subfield code="x">History, Military</subfield><subfield code="y">1789-1815.</subfield><subfield code="0">(uri) http://id.loc.gov/authorities/subjects/sh85051433</subfield></datafield><datafield tag="994" ind1=" " ind2=" "><subfield code="a">Z0</subfield><subfield code="b">EYM</subfield></datafield><datafield tag="998" ind1=" " ind2=" "><subfield code="c">galinka-monorec CopyCat20150824</subfield></datafield><datafield tag="958" ind1=" " ind2=" "><subfield code="a">MiU</subfield></datafield><datafield tag="995" ind1=" " ind2=" "><subfield code="a">00</subfield></datafield><datafield tag="BIB" ind1=" " ind2=" "><subfield code="u">2021-08-21 04:36:09 US/Eastern</subfield><subfield code="c">2021-06-21 18:46:40 US/Eastern</subfield></datafield><datafield tag="852" ind1="0" ind2=" "><subfield code="b">HATCH</subfield><subfield code="a">MiU</subfield><subfield code="c">GRAD</subfield><subfield code="h">DC 242 .R48 2015</subfield><subfield code="8">22981166240006381</subfield></datafield><datafield tag="974" ind1=" " ind2=" "><subfield code="8">22981166240006381</subfield><subfield code="f">1</subfield><subfield code="c">GRAD</subfield><subfield code="m">BOOK</subfield><subfield code="a">39015096136851</subfield><subfield code="e">GRAD</subfield><subfield code="7">23981166230006381</subfield><subfield code="p">01</subfield><subfield code="r">2015-08-14 10:59:00</subfield><subfield code="h">DC 242 .R48 2015</subfield><subfield code="d">HATCH</subfield><subfield code="b">HATCH</subfield></datafield></record>