<record><leader>00000cam a2200469 a 4500</leader><controlfield tag="005">20150805134410.0</controlfield><controlfield tag="008">090820s2010    maua     b    001 0 eng  </controlfield><controlfield tag="001">990137933520106381</controlfield><datafield tag="035" ind1=" " ind2=" "><subfield code="a">(MiU)013793352MIU01</subfield></datafield><datafield tag="010" ind1=" " ind2=" "><subfield code="a">2009034501</subfield></datafield><datafield tag="016" ind1="7" ind2=" "><subfield code="a">015531760</subfield><subfield code="2">Uk</subfield></datafield><datafield tag="016" ind1="7" ind2=" "><subfield code="a">015673479</subfield><subfield code="2">Uk</subfield></datafield><datafield tag="020" ind1=" " ind2=" "><subfield code="a">9780073403335</subfield><subfield code="q">(acid-free paper)</subfield><subfield code="0">(uri) http://www.isbnsearch.org/isbn/9780073403335</subfield></datafield><datafield tag="020" ind1=" " ind2=" "><subfield code="a">0073403334</subfield><subfield code="q">(acid-free paper)</subfield><subfield code="0">(uri) http://www.isbnsearch.org/isbn/0073403334</subfield></datafield><datafield tag="020" ind1=" " ind2=" "><subfield code="a">9780070172265</subfield><subfield code="q">(International ed. : pbk.)</subfield><subfield code="0">(uri) http://www.isbnsearch.org/isbn/9780070172265</subfield></datafield><datafield tag="020" ind1=" " ind2=" "><subfield code="a">0070172269</subfield><subfield code="q">(International ed. : pbk.)</subfield><subfield code="0">(uri) http://www.isbnsearch.org/isbn/0070172269</subfield></datafield><datafield tag="035" ind1=" " ind2=" "><subfield code="a">(OCoLC)320803016</subfield><subfield code="z">(OCoLC)692266565</subfield><subfield code="0">(uri) http://www.worldcat.org/oclc/320803016</subfield><subfield code="0">(uri) http://www.worldcat.org/oclc/692266565</subfield></datafield><datafield tag="035" ind1=" " ind2=" "><subfield code="a">(OCoLC)ocn320803016</subfield><subfield code="0">(uri) http://www.worldcat.org/oclc/320803016</subfield></datafield><datafield tag="040" ind1=" " ind2=" "><subfield code="a">DLC</subfield><subfield code="b">eng</subfield><subfield code="c">DLC</subfield><subfield code="d">YDX</subfield><subfield code="d">SITPL</subfield><subfield code="d">YDXCP</subfield><subfield code="d">UKMGB</subfield><subfield code="d">EZU</subfield><subfield code="d">OCLCF</subfield><subfield code="d">OCLCO</subfield></datafield><datafield tag="050" ind1="0" ind2="0"><subfield code="a">TS155</subfield><subfield code="b">.J273 2010</subfield></datafield><datafield tag="082" ind1="0" ind2="0"><subfield code="a">658.5</subfield><subfield code="2">22</subfield></datafield><datafield tag="100" ind1="1" ind2=" "><subfield code="a">Jacobs, F. Robert.</subfield><subfield code="0">(uri) http://id.loc.gov/authorities/names/n83129738</subfield><subfield code="0">(uri) http://viaf.org/viaf/sourceID/LC|n83129738</subfield></datafield><datafield tag="245" ind1="1" ind2="0"><subfield code="a">Operations and supply management, the core /</subfield><subfield code="c">F. Robert Jacobs, Richard B. Chase.</subfield></datafield><datafield tag="250" ind1=" " ind2=" "><subfield code="a">2nd ed.</subfield></datafield><datafield tag="260" ind1=" " ind2=" "><subfield code="a">Boston :</subfield><subfield code="b">McGraw-Hill Irwin,</subfield><subfield code="c">c2010.</subfield></datafield><datafield tag="300" ind1=" " ind2=" "><subfield code="a">xxxii, 510 p. :</subfield><subfield code="b">col. ill. ;</subfield><subfield code="c">26 cm +</subfield><subfield code="e">1 videodisc (DVD : sd., col. ; 4 3/4 in.)</subfield></datafield><datafield tag="490" ind1="1" ind2=" "><subfield code="a">Operations and decision sciences</subfield></datafield><datafield tag="504" ind1=" " ind2=" "><subfield code="a">Includes bibliographical references and index.</subfield></datafield><datafield tag="505" ind1="0" ind2=" "><subfield code="a">SECTION ONE: STRATEGY AND SUSTAINABILITY: Operations and supply chain management -- Strategy and sustainability -- SECTION TWO: MANUFACTURING AND SERVICE PROCESSES: Strategic capacity managment -- Production processes -- Service processes -- Quality management and six sigma -- Projects -- SECTION THREE: SUPPLY CHAIN PROCESSES: Global sourcing and procurement -- Location, logistics, and distribution -- Lean and sustainable supply -- SECTION FOUR: SUPPLY AND DEMAND PLANNING: Demand management and forecasting -- Sales and operations planning -- Inventory control -- Material requirements planning -- APPENDICES: A. Linear programming using the Excel Solver -- B. Learning curves -- C. Answers to selected problems -- D. Present value table -- E. Negative exponential distribution: values of e [negative x to the first power] -- F. Areas of the cumulative standard normal distribution.</subfield></datafield><datafield tag="650" ind1=" " ind2="0"><subfield code="a">Production management.</subfield><subfield code="0">(uri) http://id.loc.gov/authorities/subjects/sh85107216</subfield></datafield><datafield tag="700" ind1="1" ind2=" "><subfield code="a">Chase, Richard B.</subfield><subfield code="0">(uri) http://id.loc.gov/authorities/names/n80060501</subfield><subfield code="0">(uri) http://viaf.org/viaf/sourceID/LC|n80060501</subfield></datafield><datafield tag="830" ind1=" " ind2="0"><subfield code="a">McGraw-Hill/Irwin series operations and decision sciences</subfield><subfield code="0">(uri) http://id.loc.gov/authorities/names/n2002099412</subfield><subfield code="0">(uri) http://viaf.org/viaf/sourceID/LC|n2002099412</subfield></datafield><datafield tag="997" ind1=" " ind2=" "><subfield code="a">MARS</subfield></datafield><datafield tag="998" ind1=" " ind2=" "><subfield code="c">Flint at 2015-08-05</subfield></datafield><datafield tag="958" ind1=" " ind2=" "><subfield code="a">MiFliC</subfield></datafield><datafield tag="995" ind1=" " ind2=" "><subfield code="a">20</subfield></datafield><datafield tag="BIB" ind1=" " ind2=" "><subfield code="u">2021-08-21 04:35:35 US/Eastern</subfield><subfield code="c">2021-06-21 18:46:23 US/Eastern</subfield></datafield><datafield tag="852" ind1="0" ind2=" "><subfield code="b">FLINT</subfield><subfield code="a">MiFliC</subfield><subfield code="c">MAIN</subfield><subfield code="h">TS 155 .J273 2010</subfield><subfield code="z">DVD for this book is kept at the Circulation Desk.</subfield><subfield code="8">22981069260006381</subfield></datafield><datafield tag="866" ind1="4" ind2="0"><subfield code="a">Book &amp; DVD</subfield><subfield code="8">22981069260006381</subfield></datafield><datafield tag="974" ind1=" " ind2=" "><subfield code="8">22981069260006381</subfield><subfield code="f">1</subfield><subfield code="c">MAIN</subfield><subfield code="m">OTHERVM</subfield><subfield code="a">49015003657542</subfield><subfield code="e">MAIN</subfield><subfield code="7">23981069240006381</subfield><subfield code="z">DVD</subfield><subfield code="p">01</subfield><subfield code="r">2015-08-05 10:59:00</subfield><subfield code="h">TS 155 .J273 2010</subfield><subfield code="d">FLINT</subfield><subfield code="b">FLINT</subfield></datafield><datafield tag="974" ind1=" " ind2=" "><subfield code="8">22981069260006381</subfield><subfield code="f">1</subfield><subfield code="c">MAIN</subfield><subfield code="m">BOOK</subfield><subfield code="a">49015003657534</subfield><subfield code="e">MAIN</subfield><subfield code="7">23981069250006381</subfield><subfield code="p">01</subfield><subfield code="r">2015-08-05 10:59:00</subfield><subfield code="h">TS 155 .J273 2010</subfield><subfield code="d">FLINT</subfield><subfield code="b">FLINT</subfield></datafield></record>