<record><leader>     nam a22002892a 4500</leader><controlfield tag="005">20000412000000.0</controlfield><controlfield tag="007">hd afb---baca</controlfield><controlfield tag="008">000412s1741    xx af   a     000 1 lat d</controlfield><controlfield tag="001">990034716950106381</controlfield><datafield tag="035" ind1=" " ind2=" "><subfield code="a">(MiU)003471695MIU01</subfield></datafield><datafield tag="035" ind1=" " ind2=" "><subfield code="a">(OCoLC)ocm26027532</subfield><subfield code="0">(uri) http://www.worldcat.org/oclc/26027532</subfield></datafield><datafield tag="040" ind1=" " ind2=" "><subfield code="a">JHE</subfield><subfield code="c">JHE</subfield></datafield><datafield tag="099" ind1=" " ind2=" "><subfield code="a">OCLC--MAJORMF</subfield></datafield><datafield tag="100" ind1="1" ind2=" "><subfield code="a">Holberg, Ludvig,</subfield><subfield code="d">1684-1754.</subfield><subfield code="0">(uri) http://id.loc.gov/authorities/names/n79042001</subfield><subfield code="0">(uri) http://viaf.org/viaf/sourceID/LC|n79042001</subfield></datafield><datafield tag="245" ind1="1" ind2="0"><subfield code="a">Nicolai Klimii iter subterraneum</subfield><subfield code="h">[microform] :</subfield><subfield code="b">novam telluris theoriam ac historiam quintae monarchiae adhuc nobis incognitae exhibens e bibliotheca B. Abelini.</subfield></datafield><datafield tag="260" ind1=" " ind2=" "><subfield code="a">Hafniaae ;</subfield><subfield code="a">Lipsiae :</subfield><subfield code="b">sumptibus Iacobi Preussii,</subfield><subfield code="c">1741.</subfield></datafield><datafield tag="300" ind1=" " ind2=" "><subfield code="a">380 p., 4 leaves of plates (some folded) :</subfield><subfield code="b">ill. ;</subfield><subfield code="c">20 cm.</subfield></datafield><datafield tag="500" ind1=" " ind2=" "><subfield code="a">Author: Ludvig Holberg.</subfield></datafield><datafield tag="500" ind1=" " ind2=" "><subfield code="a">First ed. of this famous imaginary voyage that was at once translated into German.</subfield></datafield><datafield tag="500" ind1=" " ind2=" "><subfield code="a">Engraved frontispiece by Mentzel.</subfield></datafield><datafield tag="533" ind1=" " ind2=" "><subfield code="a">Microfilm.</subfield><subfield code="b">New Haven :</subfield><subfield code="c">Research Publications,</subfield><subfield code="d">1973.</subfield><subfield code="e">35 mm.</subfield><subfield code="f">(German baroque literature, Harold Jantz collection ; no. 1386, reel 271)</subfield><subfield code="7">s1973 ctun a</subfield></datafield><datafield tag="650" ind1=" " ind2="0"><subfield code="a">Voyages, Imaginary.</subfield><subfield code="0">(uri) http://id.loc.gov/authorities/subjects/sh85144441</subfield></datafield><datafield tag="650" ind1=" " ind2="0"><subfield code="a">Utopias.</subfield><subfield code="0">(uri) http://id.loc.gov/authorities/subjects/sh85141635</subfield></datafield><datafield tag="700" ind1="1" ind2=" "><subfield code="a">Mentzel.</subfield></datafield><datafield tag="710" ind1="2" ind2=" "><subfield code="a">Research Publications, inc.</subfield><subfield code="0">(uri) http://id.loc.gov/authorities/names/n79045449</subfield><subfield code="0">(uri) http://viaf.org/viaf/sourceID/LC|n79045449</subfield></datafield><datafield tag="830" ind1=" " ind2="0"><subfield code="a">German baroque literature, Harold Jantz collection ;</subfield><subfield code="v">no. 1386, reel 271.</subfield><subfield code="0">https://open-na.hosted.exlibrisgroup.com/alma/01UMICH_INST/authorities/98187431981806381.jsonld</subfield></datafield><datafield tag="958" ind1=" " ind2=" "><subfield code="a">MiU</subfield></datafield><datafield tag="959" ind1=" " ind2=" "><subfield code="a">(notis)ULASX9533</subfield></datafield><datafield tag="995" ind1=" " ind2=" "><subfield code="a">20</subfield></datafield><datafield tag="BIB" ind1=" " ind2=" "><subfield code="u">2021-08-21 04:35:46 US/Eastern</subfield><subfield code="c">2021-06-21 18:46:03 US/Eastern</subfield></datafield><datafield tag="852" ind1="4" ind2=" "><subfield code="b">BUHR</subfield><subfield code="a">MiU</subfield><subfield code="c">MAIN</subfield><subfield code="j">FILM 17545 no. 1386 reel 271</subfield><subfield code="8">22980981190006381</subfield></datafield><datafield tag="974" ind1=" " ind2=" "><subfield code="8">22980981190006381</subfield><subfield code="f">1</subfield><subfield code="c">MAIN</subfield><subfield code="m">BOOK</subfield><subfield code="a">B1405748</subfield><subfield code="e">MAIN</subfield><subfield code="7">23980981180006381</subfield><subfield code="p">01</subfield><subfield code="r">2004-06-25 10:59:00</subfield><subfield code="h">FILM 17545 no. 1386 reel 271</subfield><subfield code="d">BUHR</subfield><subfield code="b">BUHR</subfield></datafield></record>