<record><leader>00000cam a2200733 i 4500</leader><controlfield tag="005">20190122143212.0</controlfield><controlfield tag="008">180416s2018    caua     6    000 1 eng d</controlfield><controlfield tag="001">990166604780106381</controlfield><datafield tag="035" ind1=" " ind2=" "><subfield code="a">(MiU)016660478MIU01</subfield></datafield><datafield tag="020" ind1=" " ind2=" "><subfield code="a">9781974703760</subfield><subfield code="q">(hardcover)</subfield><subfield code="0">(uri) http://www.isbnsearch.org/isbn/9781974703760</subfield></datafield><datafield tag="020" ind1=" " ind2=" "><subfield code="a">1974703762</subfield><subfield code="q">(hardcover)</subfield><subfield code="0">(uri) http://www.isbnsearch.org/isbn/1974703762</subfield></datafield><datafield tag="035" ind1=" " ind2=" "><subfield code="a">(OCoLC)1031339729</subfield><subfield code="z">(OCoLC)1031306705</subfield><subfield code="z">(OCoLC)1031362210</subfield><subfield code="0">(uri) http://www.worldcat.org/oclc/1031339729</subfield><subfield code="0">(uri) http://www.worldcat.org/oclc/1031306705</subfield><subfield code="0">(uri) http://www.worldcat.org/oclc/1031362210</subfield></datafield><datafield tag="035" ind1=" " ind2=" "><subfield code="a">(OCoLC)on1031339729</subfield><subfield code="0">(uri) http://www.worldcat.org/oclc/1031339729</subfield></datafield><datafield tag="040" ind1=" " ind2=" "><subfield code="a">YDX</subfield><subfield code="b">eng</subfield><subfield code="e">rda</subfield><subfield code="c">YDX</subfield><subfield code="d">HRF</subfield><subfield code="d">NYP</subfield><subfield code="d">JTO</subfield><subfield code="d">TOH</subfield><subfield code="d">JRZ</subfield><subfield code="d">OCLCF</subfield><subfield code="d">FXN</subfield><subfield code="d">UKMGB</subfield><subfield code="d">OCL</subfield></datafield><datafield tag="041" ind1="1" ind2=" "><subfield code="a">eng</subfield><subfield code="h">jpn</subfield></datafield><datafield tag="049" ind1=" " ind2=" "><subfield code="a">EYMG</subfield></datafield><datafield tag="050" ind1="1" ind2="4"><subfield code="a">PN6790.J33</subfield><subfield code="b">I744 2018</subfield></datafield><datafield tag="082" ind1="0" ind2="4"><subfield code="a">741.56952</subfield><subfield code="2">23</subfield></datafield><datafield tag="099" ind1=" " ind2=" "><subfield code="a">PN 6790 .J33 I86 2018</subfield></datafield><datafield tag="100" ind1="1" ind2=" "><subfield code="a">Itō, Junji,</subfield><subfield code="d">1963-</subfield><subfield code="e">author,</subfield><subfield code="e">illustrator.</subfield><subfield code="0">http://id.loc.gov/authorities/names/no2007123944</subfield><subfield code="0">(uri) http://id.loc.gov/authorities/names/no2007123944</subfield><subfield code="0">(uri) http://viaf.org/viaf/sourceID/LC|no2007123944</subfield></datafield><datafield tag="240" ind1="1" ind2="0"><subfield code="a">Furankenshutain.</subfield><subfield code="l">English</subfield></datafield><datafield tag="245" ind1="1" ind2="0"><subfield code="a">Frankenstein :</subfield><subfield code="b">Junji Ito story collection /</subfield><subfield code="c">story &amp; art by Junji Ito ; translation, Jocelyn Allen ; English adaptation, Nick Mamatas ; other stories translation &amp; adaptation, Jocelyn Allen ; touch-up art &amp; lettering, James Dashiell ; cover &amp; graphic design, Adam Grano.</subfield></datafield><datafield tag="264" ind1=" " ind2="1"><subfield code="a">San Francisco, CA :</subfield><subfield code="b">VIZ Media,</subfield><subfield code="c">[2018]</subfield></datafield><datafield tag="300" ind1=" " ind2=" "><subfield code="a">399 pages :</subfield><subfield code="b">chiefly black and white illustrations ;</subfield><subfield code="c">22 cm.</subfield></datafield><datafield tag="336" ind1=" " ind2=" "><subfield code="a">text</subfield><subfield code="b">txt</subfield><subfield code="2">rdacontent</subfield></datafield><datafield tag="336" ind1=" " ind2=" "><subfield code="a">still image</subfield><subfield code="b">sti</subfield><subfield code="2">rdacontent</subfield></datafield><datafield tag="337" ind1=" " ind2=" "><subfield code="a">unmediated</subfield><subfield code="b">n</subfield><subfield code="2">rdamedia</subfield></datafield><datafield tag="338" ind1=" " ind2=" "><subfield code="a">volume</subfield><subfield code="b">nc</subfield><subfield code="2">rdacarrier</subfield></datafield><datafield tag="490" ind1="1" ind2=" "><subfield code="a">Viz signature</subfield><subfield code="0">(uri) http://id.loc.gov/authorities/names/no2011054814</subfield><subfield code="0">(uri) http://viaf.org/viaf/sourceID/LC|no2011054814</subfield></datafield><datafield tag="500" ind1=" " ind2=" "><subfield code="a">Manga.</subfield></datafield><datafield tag="500" ind1=" " ind2=" "><subfield code="a">Translation of: Furankenshutain.</subfield></datafield><datafield tag="500" ind1=" " ind2=" "><subfield code="a">Originally published in Japan in 2013 by Asahi Shimbun Publications Inc., Tokyo, through Tohan Corporation, Tokyo.</subfield></datafield><datafield tag="500" ind1=" " ind2=" "><subfield code="a">Date of publication taken from publisher's page for this title, viewed on November 13, 2018.</subfield></datafield><datafield tag="500" ind1=" " ind2=" "><subfield code="a">Manga format; reads from back to front, right to left.</subfield></datafield><datafield tag="500" ind1=" " ind2=" "><subfield code="a">Based on Frankenstein: Or, the Modern Prometheus by Mary Shelley, published in 1831.</subfield></datafield><datafield tag="505" ind1="0" ind2=" "><subfield code="a">Frankenstein -- Neck Specter -- Bog of living spirits -- Pen pal -- Intruder -- The strange tale of Oshikiri -- The strange tale of Oshikiri: the walls -- The hell of the doll funeral -- Face firmly in place -- Boss non-non -- Hide-and-seek with Boss non-non.</subfield></datafield><datafield tag="520" ind1=" " ind2=" "><subfield code="a">"Junji Ito meets Mary Shelley! The master of horror manga bends all his skill into bringing the anguished and solitary monster--and the fouler beast who created him--to life with the brilliantly detailed chiaroscuro he is known for. Also included are six tales of Oshikiri--a high school student who lives in a decaying mansion connected to a haunted parallel world. Uncanny doppelgangers, unfortunately murdered friends, and a whole lot more are in store for him. Bonus: The Ito family dog! Thrill to the adventures of Non-non Ito, an adorable Maltese!"--</subfield><subfield code="c">Page [4] of cover.</subfield></datafield><datafield tag="521" ind1="8" ind2=" "><subfield code="a">Rated T+ for older teen; parental advisory; recommended for ages 16 and up; contains graphic violence and disturbing themes.</subfield></datafield><datafield tag="546" ind1=" " ind2=" "><subfield code="a">Translated from the Japanese.</subfield></datafield><datafield tag="650" ind1=" " ind2="0"><subfield code="a">Scientists</subfield><subfield code="v">Comic books, strips, etc.</subfield><subfield code="v">Fiction.</subfield><subfield code="0">(uri) http://id.loc.gov/authorities/subjects/sh85118696</subfield></datafield><datafield tag="650" ind1=" " ind2="0"><subfield code="a">Monsters</subfield><subfield code="v">Comic books, strips, etc.</subfield><subfield code="v">Fiction.</subfield><subfield code="0">(uri) http://id.loc.gov/authorities/subjects/sh85086994</subfield></datafield><datafield tag="650" ind1=" " ind2="0"><subfield code="a">High school students</subfield><subfield code="v">Comic books, strips, etc.</subfield><subfield code="v">Fiction.</subfield><subfield code="0">(uri) http://id.loc.gov/authorities/subjects/sh85060709</subfield></datafield><datafield tag="650" ind1=" " ind2="0"><subfield code="a">Haunted houses</subfield><subfield code="v">Comic books, strips, etc.</subfield><subfield code="v">Fiction.</subfield><subfield code="0">(uri) http://id.loc.gov/authorities/subjects/sh88000984</subfield></datafield><datafield tag="650" ind1=" " ind2="7"><subfield code="a">Haunted houses.</subfield><subfield code="2">fast</subfield><subfield code="0">(OCoLC)fst00951928</subfield><subfield code="0">(uri) http://id.worldcat.org/fast/fst00951928</subfield></datafield><datafield tag="650" ind1=" " ind2="7"><subfield code="a">High school students.</subfield><subfield code="2">fast</subfield><subfield code="0">(OCoLC)fst00956174</subfield><subfield code="0">(uri) http://id.worldcat.org/fast/fst00956174</subfield></datafield><datafield tag="650" ind1=" " ind2="7"><subfield code="a">Monsters.</subfield><subfield code="2">fast</subfield><subfield code="0">(OCoLC)fst01025752</subfield><subfield code="0">(uri) http://id.worldcat.org/fast/fst01025752</subfield></datafield><datafield tag="650" ind1=" " ind2="7"><subfield code="a">Scientists.</subfield><subfield code="2">fast</subfield><subfield code="0">(OCoLC)fst01108895</subfield><subfield code="0">(uri) http://id.worldcat.org/fast/fst01108895</subfield></datafield><datafield tag="655" ind1=" " ind2="7"><subfield code="a">Comics (Graphic works)</subfield><subfield code="2">lcgft</subfield><subfield code="0">(uri) http://id.worldcat.org/fast/fst01921613</subfield><subfield code="0">(uri) http://id.loc.gov/authorities/genreForms/gf2014026266</subfield></datafield><datafield tag="655" ind1=" " ind2="7"><subfield code="a">Horror comics.</subfield><subfield code="2">lcgft</subfield><subfield code="0">(uri) http://id.worldcat.org/fast/fst01921683</subfield><subfield code="0">(uri) http://id.loc.gov/authorities/genreForms/gf2014026372</subfield></datafield><datafield tag="655" ind1=" " ind2="7"><subfield code="a">Graphic novels.</subfield><subfield code="2">lcgft</subfield><subfield code="0">(uri) http://id.worldcat.org/fast/fst01726630</subfield><subfield code="0">(uri) http://id.loc.gov/authorities/genreForms/gf2014026362</subfield></datafield><datafield tag="655" ind1=" " ind2="7"><subfield code="a">Graphic novel adaptations.</subfield><subfield code="2">lcgft</subfield><subfield code="0">(uri) http://id.loc.gov/authorities/genreForms/gf2017026130</subfield></datafield><datafield tag="655" ind1=" " ind2="4"><subfield code="a">Graphic books.</subfield></datafield><datafield tag="655" ind1=" " ind2="7"><subfield code="a">Comics (Graphic works)</subfield><subfield code="2">fast</subfield><subfield code="0">(OCoLC)fst01921613</subfield><subfield code="0">(uri) http://id.worldcat.org/fast/fst01921613</subfield><subfield code="0">(uri) http://id.loc.gov/authorities/genreForms/gf2014026266</subfield></datafield><datafield tag="655" ind1=" " ind2="7"><subfield code="a">Graphic novel adaptations.</subfield><subfield code="2">fast</subfield><subfield code="0">(OCoLC)fst01986216</subfield><subfield code="0">(uri) http://id.loc.gov/authorities/genreForms/gf2017026130</subfield></datafield><datafield tag="655" ind1=" " ind2="7"><subfield code="a">Graphic novels.</subfield><subfield code="2">fast</subfield><subfield code="0">(OCoLC)fst01726630</subfield><subfield code="0">(uri) http://id.worldcat.org/fast/fst01726630</subfield><subfield code="0">(uri) http://id.loc.gov/authorities/genreForms/gf2014026362</subfield></datafield><datafield tag="655" ind1=" " ind2="7"><subfield code="a">Horror comics.</subfield><subfield code="2">fast</subfield><subfield code="0">(OCoLC)fst01921683</subfield><subfield code="0">(uri) http://id.worldcat.org/fast/fst01921683</subfield><subfield code="0">(uri) http://id.loc.gov/authorities/genreForms/gf2014026372</subfield></datafield><datafield tag="700" ind1="1" ind2=" "><subfield code="i">Graphic novel adaptation of (work):</subfield><subfield code="a">Shelley, Mary Wollstonecraft,</subfield><subfield code="d">1797-1851.</subfield><subfield code="t">Frankenstein</subfield><subfield code="0">http://id.loc.gov/authorities/names/n84007242</subfield><subfield code="1">http://viaf.org/viaf/185508590</subfield><subfield code="0">(uri) http://id.loc.gov/authorities/names/n84007242</subfield><subfield code="0">(uri) http://viaf.org/viaf/sourceID/LC|n84007242</subfield></datafield><datafield tag="700" ind1="1" ind2="2"><subfield code="i">Container of (work):</subfield><subfield code="a">Itō, Junji,</subfield><subfield code="d">1963-.</subfield><subfield code="t">Furankenshutain.</subfield><subfield code="l">English</subfield><subfield code="0">(uri) http://id.loc.gov/authorities/names/no2018166677</subfield><subfield code="0">(uri) http://viaf.org/viaf/sourceID/LC|no2018166677</subfield></datafield><datafield tag="700" ind1="1" ind2=" "><subfield code="a">Allen, Jocelyne,</subfield><subfield code="d">1974-</subfield><subfield code="e">translator.</subfield><subfield code="0">http://id.loc.gov/authorities/names/no2011073727</subfield><subfield code="1">http://viaf.org/viaf/102882015</subfield><subfield code="0">(uri) http://id.loc.gov/authorities/names/no2011073727</subfield><subfield code="0">(uri) http://viaf.org/viaf/sourceID/LC|no2011073727</subfield></datafield><datafield tag="700" ind1="1" ind2=" "><subfield code="a">Dashiell, James,</subfield><subfield code="e">illustrator,</subfield><subfield code="e">letterer.</subfield><subfield code="0">http://id.loc.gov/authorities/names/no2011166822</subfield><subfield code="1">http://viaf.org/viaf/187442727</subfield><subfield code="0">(uri) http://id.loc.gov/authorities/names/no2011166822</subfield><subfield code="0">(uri) http://viaf.org/viaf/sourceID/LC|no2011166822</subfield></datafield><datafield tag="700" ind1="1" ind2=" "><subfield code="a">Mamatas, Nick,</subfield><subfield code="e">adapter.</subfield><subfield code="0">http://id.loc.gov/authorities/names/nr99010283</subfield><subfield code="1">http://viaf.org/viaf/55256072</subfield><subfield code="0">(uri) http://id.loc.gov/authorities/names/nr99010283</subfield><subfield code="0">(uri) http://viaf.org/viaf/sourceID/LC|nr99010283</subfield></datafield><datafield tag="765" ind1="0" ind2="8"><subfield code="i">Translation of:</subfield><subfield code="a">Itō, Junji, 1963-</subfield><subfield code="t">Furankenshutain.</subfield><subfield code="d">Tokyo : Asahishinbunshuppan, 2013</subfield><subfield code="w">(OCoLC)849877487</subfield></datafield><datafield tag="830" ind1=" " ind2="0"><subfield code="a">Viz signature</subfield><subfield code="0">http://id.loc.gov/authorities/names/no2011054814</subfield><subfield code="0">(uri) http://id.loc.gov/authorities/names/no2011054814</subfield><subfield code="0">(uri) http://viaf.org/viaf/sourceID/LC|no2011054814</subfield></datafield><datafield tag="997" ind1=" " ind2=" "><subfield code="a">MARS</subfield></datafield><datafield tag="998" ind1=" " ind2=" "><subfield code="c">jmeekhof-rdu CopyCatMono 20190122 AAEL</subfield></datafield><datafield tag="958" ind1=" " ind2=" "><subfield code="a">MiU</subfield></datafield><datafield tag="995" ind1=" " ind2=" "><subfield code="a">20</subfield></datafield><datafield tag="BIB" ind1=" " ind2=" "><subfield code="u">2021-08-21 04:35:56 US/Eastern</subfield><subfield code="c">2021-06-21 16:46:31 US/Eastern</subfield></datafield><datafield tag="852" ind1="0" ind2=" "><subfield code="b">AAEL</subfield><subfield code="a">MiU</subfield><subfield code="c">BKS</subfield><subfield code="h">PN 6790 .J33 I86 2018</subfield><subfield code="8">22948239540006381</subfield></datafield><datafield tag="974" ind1=" " ind2=" "><subfield code="8">22948239540006381</subfield><subfield code="f">1</subfield><subfield code="c">BKS</subfield><subfield code="m">BOOK</subfield><subfield code="a">39015101394180</subfield><subfield code="e">BKS</subfield><subfield code="7">23948239530006381</subfield><subfield code="p">01</subfield><subfield code="r">2019-01-22 10:59:00</subfield><subfield code="h">PN 6790 .J33 I86 2018</subfield><subfield code="d">AAEL</subfield><subfield code="b">AAEL</subfield></datafield></record>