<record><leader>00000cam a22005297i 4500</leader><controlfield tag="005">20190605155602.0</controlfield><controlfield tag="008">181127s2018    ru       b    001 0arus d</controlfield><controlfield tag="001">990166603820106381</controlfield><datafield tag="035" ind1=" " ind2=" "><subfield code="a">(MiU)016660382MIU01</subfield></datafield><datafield tag="020" ind1=" " ind2=" "><subfield code="a">9785995009306</subfield><subfield code="0">(uri) http://www.isbnsearch.org/isbn/9785995009306</subfield></datafield><datafield tag="020" ind1=" " ind2=" "><subfield code="a">5995009303</subfield><subfield code="0">(uri) http://www.isbnsearch.org/isbn/5995009303</subfield></datafield><datafield tag="035" ind1=" " ind2=" "><subfield code="a">(eastview)east1254095B</subfield></datafield><datafield tag="035" ind1=" " ind2=" "><subfield code="a">(OCoLC)1099232440</subfield><subfield code="0">(uri) http://www.worldcat.org/oclc/1099232440</subfield></datafield><datafield tag="035" ind1=" " ind2=" "><subfield code="a">(OCoLC)on1099232440</subfield><subfield code="0">(uri) http://www.worldcat.org/oclc/1099232440</subfield></datafield><datafield tag="040" ind1=" " ind2=" "><subfield code="a">YUS</subfield><subfield code="b">eng</subfield><subfield code="e">rda</subfield><subfield code="c">YUS</subfield><subfield code="d">OCLCO</subfield></datafield><datafield tag="043" ind1=" " ind2=" "><subfield code="a">e-fr---</subfield><subfield code="a">e-ur---</subfield></datafield><datafield tag="049" ind1=" " ind2=" "><subfield code="a">EYMG</subfield></datafield><datafield tag="050" ind1=" " ind2="4"><subfield code="a">DK190.6.R33</subfield><subfield code="b">A3 2018</subfield></datafield><datafield tag="050" ind1=" " ind2="4"><subfield code="a">DC235.8</subfield><subfield code="b">.R33 2018</subfield></datafield><datafield tag="099" ind1=" " ind2=" "><subfield code="a">DK 190.6 .R33 A3 2018</subfield></datafield><datafield tag="100" ind1="1" ind2=" "><subfield code="6">880-01</subfield><subfield code="a">Radozhit︠s︡kiī, Ilʹi︠a︡ Timofeevich,</subfield><subfield code="e">author.</subfield><subfield code="0">http://id.loc.gov/authorities/names/no2013072948</subfield></datafield><datafield tag="245" ind1="1" ind2="0"><subfield code="6">880-02</subfield><subfield code="a">Pokhodnye zapiski artillerista :</subfield><subfield code="b">1812-1816. /</subfield><subfield code="c">I. T. Radozhit͡skiĭ ; predislovie i primechanii͡a V. M. Bezotosnogo.</subfield></datafield><datafield tag="264" ind1=" " ind2="1"><subfield code="6">880-03</subfield><subfield code="a">Moskva :</subfield><subfield code="b">Kuchkovo pole,</subfield><subfield code="c">2018.</subfield></datafield><datafield tag="300" ind1=" " ind2=" "><subfield code="a">798 pages ;</subfield><subfield code="c">21 cm.</subfield></datafield><datafield tag="336" ind1=" " ind2=" "><subfield code="a">text</subfield><subfield code="b">txt</subfield><subfield code="2">rdacontent</subfield></datafield><datafield tag="337" ind1=" " ind2=" "><subfield code="a">unmediated</subfield><subfield code="b">n</subfield><subfield code="2">rdamedia</subfield></datafield><datafield tag="338" ind1=" " ind2=" "><subfield code="a">volume</subfield><subfield code="b">nc</subfield><subfield code="2">rdacarrier</subfield></datafield><datafield tag="490" ind1="1" ind2=" "><subfield code="6">880-04</subfield><subfield code="a">Voennye memuary</subfield></datafield><datafield tag="504" ind1=" " ind2=" "><subfield code="a">Includes bibliographical references and index.</subfield></datafield><datafield tag="600" ind1="1" ind2="0"><subfield code="6">880-05</subfield><subfield code="a">Radozhit︠s︡kiī, Ilʹi︠a︡ Timofeevich.</subfield><subfield code="0">http://id.loc.gov/authorities/names/no2013072948</subfield></datafield><datafield tag="610" ind1="1" ind2="0"><subfield code="a">Russia.</subfield><subfield code="b">Armii︠a︡.</subfield><subfield code="b">Artillerīi︠a︡</subfield><subfield code="x">History.</subfield><subfield code="0">(uri) http://id.loc.gov/authorities/names/n92083619</subfield><subfield code="0">(uri) http://viaf.org/viaf/sourceID/LC|n92083619</subfield></datafield><datafield tag="600" ind1="0" ind2="0"><subfield code="a">Napoleon</subfield><subfield code="b">I,</subfield><subfield code="c">Emperor of the French,</subfield><subfield code="d">1769-1821</subfield><subfield code="x">Campaigns of 1813-1814</subfield><subfield code="v">Personal narratives.</subfield><subfield code="0">(uri) http://id.loc.gov/authorities/names/n79054933</subfield><subfield code="0">(uri) http://viaf.org/viaf/sourceID/LC|n79054933</subfield></datafield><datafield tag="650" ind1=" " ind2="0"><subfield code="a">Napoleonic Wars, 1800-1815</subfield><subfield code="v">Personal narratives, Russian.</subfield><subfield code="0">(uri) http://id.loc.gov/authorities/subjects/sh85089767</subfield></datafield><datafield tag="650" ind1=" " ind2="0"><subfield code="a">Napoleonic Wars, 1800-1815</subfield><subfield code="x">Artillery operations.</subfield><subfield code="0">(uri) http://id.loc.gov/authorities/subjects/sh85089767</subfield></datafield><datafield tag="650" ind1=" " ind2="0"><subfield code="a">Napoleonic Wars, 1800-1815</subfield><subfield code="x">Campaigns</subfield><subfield code="z">Russia</subfield><subfield code="v">Personal narratives.</subfield><subfield code="0">(uri) http://id.loc.gov/authorities/subjects/sh2010007233</subfield></datafield><datafield tag="651" ind1=" " ind2="0"><subfield code="a">Russia</subfield><subfield code="x">History, Military</subfield><subfield code="y">1801-1917.</subfield><subfield code="0">(uri) http://id.loc.gov/authorities/subjects/sh85125820</subfield></datafield><datafield tag="650" ind1=" " ind2="0"><subfield code="a">Armies</subfield><subfield code="z">Russia</subfield><subfield code="x">Officers</subfield><subfield code="v">Biography.</subfield><subfield code="0">(uri) http://id.loc.gov/authorities/subjects/sh85007309</subfield></datafield><datafield tag="700" ind1="1" ind2=" "><subfield code="6">880-06</subfield><subfield code="a">Bezotosnyĭ, V.,</subfield><subfield code="e">writer of foreword.</subfield><subfield code="0">http://id.loc.gov/authorities/names/no99033196</subfield><subfield code="0">(uri) http://id.loc.gov/authorities/names/no99033196</subfield><subfield code="0">(uri) http://viaf.org/viaf/sourceID/LC|no99033196</subfield></datafield><datafield tag="880" ind1="1" ind2=" "><subfield code="6">100-01/</subfield><subfield code="a">Радожицкий, Илья Тимофеевич,</subfield><subfield code="e">author.</subfield></datafield><datafield tag="880" ind1="1" ind2="0"><subfield code="6">245-02/</subfield><subfield code="a">Походные записки артиллериста :</subfield><subfield code="b">1812-1816. /</subfield><subfield code="c">И. Т. Радожицкий ; предисловие и примечания В. М. Безотосного.</subfield></datafield><datafield tag="880" ind1=" " ind2="1"><subfield code="6">264-03/</subfield><subfield code="a">Москва :</subfield><subfield code="b">Кучково поле,</subfield><subfield code="c">2018.</subfield></datafield><datafield tag="880" ind1="1" ind2=" "><subfield code="6">490-04/</subfield><subfield code="a">Военные мемуары</subfield></datafield><datafield tag="880" ind1="1" ind2="4"><subfield code="6">600-05/</subfield><subfield code="a">Радожицкиі, Илья Тимофеевич.</subfield></datafield><datafield tag="880" ind1="1" ind2=" "><subfield code="6">700-06/</subfield><subfield code="a">Безотосный, В.,</subfield><subfield code="e">writer of foreword.</subfield></datafield><datafield tag="830" ind1=" " ind2="0"><subfield code="6">880-07</subfield><subfield code="a">Voennye memuary (Izdatelʹstvo "Kuchkovo pole")</subfield><subfield code="0">http://id.loc.gov/authorities/names/no2005001497</subfield></datafield><datafield tag="880" ind1=" " ind2="0"><subfield code="6">830-07/</subfield><subfield code="a">Военные мемуары (Издательство "Кучково поле")</subfield><subfield code="0">http://id.loc.gov/authorities/names/no2005001497</subfield></datafield><datafield tag="997" ind1=" " ind2=" "><subfield code="a">MARS</subfield></datafield><datafield tag="998" ind1=" " ind2=" "><subfield code="c">sla-ak 2019-06-04 Cyrillic</subfield></datafield><datafield tag="958" ind1=" " ind2=" "><subfield code="a">MiU</subfield></datafield><datafield tag="995" ind1=" " ind2=" "><subfield code="a">20</subfield></datafield><datafield tag="BIB" ind1=" " ind2=" "><subfield code="u">2021-08-21 04:35:56 US/Eastern</subfield><subfield code="c">2021-06-21 16:46:27 US/Eastern</subfield></datafield><datafield tag="852" ind1="0" ind2=" "><subfield code="b">HATCH</subfield><subfield code="a">MiU</subfield><subfield code="c">GRAD</subfield><subfield code="h">DK 190.6 .R33 A3 2018</subfield><subfield code="8">22948227150006381</subfield></datafield><datafield tag="974" ind1=" " ind2=" "><subfield code="8">22948227150006381</subfield><subfield code="f">1</subfield><subfield code="c">GRAD</subfield><subfield code="m">BOOK</subfield><subfield code="a">39015101436908</subfield><subfield code="e">GRAD</subfield><subfield code="7">23948227140006381</subfield><subfield code="p">01</subfield><subfield code="r">2019-01-22 10:59:00</subfield><subfield code="h">DK 190.6 .R33 A3 2018</subfield><subfield code="d">HATCH</subfield><subfield code="b">HATCH</subfield></datafield></record>