<record><leader>00000cam a2200433 i 4500</leader><controlfield tag="005">20170515082811.0</controlfield><controlfield tag="008">170328t20162016pl       b    001 0 pol d</controlfield><controlfield tag="001">990150805060106381</controlfield><datafield tag="035" ind1=" " ind2=" "><subfield code="a">(MiU)015080506MIU01</subfield></datafield><datafield tag="020" ind1=" " ind2=" "><subfield code="a">9788379720880</subfield><subfield code="0">(uri) http://www.isbnsearch.org/isbn/9788379720880</subfield></datafield><datafield tag="020" ind1=" " ind2=" "><subfield code="a">8379720881</subfield><subfield code="0">(uri) http://www.isbnsearch.org/isbn/8379720881</subfield></datafield><datafield tag="035" ind1=" " ind2=" "><subfield code="a">(OCoLC)979562583</subfield><subfield code="0">(uri) http://www.worldcat.org/oclc/979562583</subfield></datafield><datafield tag="035" ind1=" " ind2=" "><subfield code="a">(OCoLC)ocn979562583</subfield><subfield code="0">(uri) http://www.worldcat.org/oclc/979562583</subfield></datafield><datafield tag="040" ind1=" " ind2=" "><subfield code="a">PIT</subfield><subfield code="b">eng</subfield><subfield code="e">rda</subfield><subfield code="c">PIT</subfield><subfield code="d">OCLCA</subfield></datafield><datafield tag="041" ind1="0" ind2=" "><subfield code="a">pol</subfield><subfield code="b">eng</subfield></datafield><datafield tag="043" ind1=" " ind2=" "><subfield code="a">e-pl---</subfield></datafield><datafield tag="049" ind1=" " ind2=" "><subfield code="a">EYMG</subfield></datafield><datafield tag="050" ind1=" " ind2="4"><subfield code="a">DK4448</subfield><subfield code="b">.R66 2016</subfield></datafield><datafield tag="099" ind1=" " ind2=" "><subfield code="a">DK 4448 .R66 2016</subfield></datafield><datafield tag="245" ind1="0" ind2="0"><subfield code="a">Romantyzm w kulturze popularnej /</subfield><subfield code="c">pod redakcją Danuty Dąbrowskiej i Magdaleny Litwin.</subfield></datafield><datafield tag="250" ind1=" " ind2=" "><subfield code="a">Wydanie I.</subfield></datafield><datafield tag="264" ind1=" " ind2="1"><subfield code="a">Szczecin :</subfield><subfield code="b">Uniwersytet Szczeciński,</subfield><subfield code="c">2016.</subfield></datafield><datafield tag="264" ind1=" " ind2="4"><subfield code="c">©2016</subfield></datafield><datafield tag="300" ind1=" " ind2=" "><subfield code="a">243 pages ;</subfield><subfield code="c">22 cm.</subfield></datafield><datafield tag="336" ind1=" " ind2=" "><subfield code="a">text</subfield><subfield code="b">txt</subfield><subfield code="2">rdacontent</subfield></datafield><datafield tag="337" ind1=" " ind2=" "><subfield code="a">unmediated</subfield><subfield code="b">n</subfield><subfield code="2">rdamedia</subfield></datafield><datafield tag="338" ind1=" " ind2=" "><subfield code="a">volume</subfield><subfield code="b">nc</subfield><subfield code="2">rdacarrier</subfield></datafield><datafield tag="490" ind1="1" ind2=" "><subfield code="a">Rozprawy i studia / Uniwersytet Szczeciński,</subfield><subfield code="x">0860-2751 ;</subfield><subfield code="v">t. (MXXIII) 949</subfield></datafield><datafield tag="546" ind1=" " ind2=" "><subfield code="a">Summaries in English.</subfield></datafield><datafield tag="504" ind1=" " ind2=" "><subfield code="a">Includes bibliographical references and index.</subfield></datafield><datafield tag="650" ind1=" " ind2="0"><subfield code="a">Popular culture</subfield><subfield code="z">Poland</subfield><subfield code="x">History</subfield><subfield code="y">20th century.</subfield><subfield code="0">(uri) http://id.loc.gov/authorities/subjects/sh85104904</subfield></datafield><datafield tag="650" ind1=" " ind2="0"><subfield code="a">Popular culture</subfield><subfield code="z">Poland</subfield><subfield code="x">History</subfield><subfield code="y">21st century.</subfield><subfield code="0">(uri) http://id.loc.gov/authorities/subjects/sh85104904</subfield></datafield><datafield tag="650" ind1=" " ind2="0"><subfield code="a">Romanticism</subfield><subfield code="x">Influence.</subfield><subfield code="0">(uri) http://id.loc.gov/authorities/subjects/sh85115078</subfield></datafield><datafield tag="650" ind1=" " ind2="0"><subfield code="a">Romanticism</subfield><subfield code="z">Poland</subfield><subfield code="x">History</subfield><subfield code="y">20th century.</subfield><subfield code="0">(uri) http://id.loc.gov/authorities/subjects/sh85115078</subfield></datafield><datafield tag="700" ind1="1" ind2=" "><subfield code="a">Dombrovska, D.,</subfield><subfield code="e">editor.</subfield><subfield code="0">(uri) http://id.loc.gov/authorities/names/n78017864</subfield><subfield code="0">(uri) http://viaf.org/viaf/sourceID/LC|n78017864</subfield></datafield><datafield tag="700" ind1="1" ind2=" "><subfield code="a">Litwin, Magdalena,</subfield><subfield code="e">editor.</subfield><subfield code="0">(uri) http://id.loc.gov/authorities/names/no2017038440</subfield><subfield code="0">(uri) http://viaf.org/viaf/sourceID/LC|no2017038440</subfield></datafield><datafield tag="830" ind1=" " ind2="0"><subfield code="a">Rozprawy i studia (Uniwersytet Szczeciński) ;</subfield><subfield code="v">t. 949.</subfield><subfield code="0">(uri) http://id.loc.gov/authorities/names/n86700163</subfield><subfield code="0">(uri) http://viaf.org/viaf/sourceID/LC|n86700163</subfield></datafield><datafield tag="997" ind1=" " ind2=" "><subfield code="a">MARS</subfield></datafield><datafield tag="998" ind1=" " ind2=" "><subfield code="c">sla-lab 2017-05-15</subfield></datafield><datafield tag="958" ind1=" " ind2=" "><subfield code="a">MiU</subfield></datafield><datafield tag="995" ind1=" " ind2=" "><subfield code="a">20</subfield></datafield><datafield tag="BIB" ind1=" " ind2=" "><subfield code="u">2021-08-21 04:36:10 US/Eastern</subfield><subfield code="c">2021-06-21 16:45:57 US/Eastern</subfield></datafield><datafield tag="852" ind1="0" ind2=" "><subfield code="b">HATCH</subfield><subfield code="a">MiU</subfield><subfield code="c">GRAD</subfield><subfield code="h">DK 4448 .R66 2016</subfield><subfield code="8">22948166180006381</subfield></datafield><datafield tag="974" ind1=" " ind2=" "><subfield code="8">22948166180006381</subfield><subfield code="f">1</subfield><subfield code="c">GRAD</subfield><subfield code="m">BOOK</subfield><subfield code="a">39015098863395</subfield><subfield code="e">GRAD</subfield><subfield code="7">23948166170006381</subfield><subfield code="p">01</subfield><subfield code="r">2017-02-27 10:59:00</subfield><subfield code="h">DK 4448 .R66 2016</subfield><subfield code="d">HATCH</subfield><subfield code="b">HATCH</subfield></datafield></record>