<record><leader>     cam a22002897  4500</leader><controlfield tag="005">20001215000000.0</controlfield><controlfield tag="008">950228s1884    enk||||      |||| ||eng d</controlfield><controlfield tag="001">990029191030106381</controlfield><datafield tag="035" ind1=" " ind2=" "><subfield code="a">(MiU)002919103MIU01</subfield></datafield><datafield tag="035" ind1=" " ind2=" "><subfield code="a">(OCoLC)ocm20536752</subfield><subfield code="0">(uri) http://www.worldcat.org/oclc/20536752</subfield></datafield><datafield tag="040" ind1=" " ind2=" "><subfield code="a">labd</subfield><subfield code="d">miu</subfield></datafield><datafield tag="100" ind1="1" ind2=" "><subfield code="a">Cattell, Charles C.</subfield><subfield code="q">(Charles Cockbill)</subfield><subfield code="0">(uri) http://id.loc.gov/authorities/names/nr96041331</subfield><subfield code="0">(uri) http://viaf.org/viaf/sourceID/LC|nr96041331</subfield></datafield><datafield tag="245" ind1="1" ind2="0"><subfield code="a">Is Darwinism Atheistic?</subfield></datafield><datafield tag="260" ind1=" " ind2=" "><subfield code="a">London :</subfield><subfield code="b">Freethought Pub. Co.,</subfield><subfield code="c">1884.</subfield></datafield><datafield tag="300" ind1=" " ind2=" "><subfield code="a">1 v.</subfield></datafield><datafield tag="500" ind1=" " ind2=" "><subfield code="a">The Atheistic Platform, no.8.</subfield></datafield><datafield tag="590" ind1=" " ind2=" "><subfield code="a">Labadie Pamphlet Collection.</subfield></datafield><datafield tag="650" ind1=" " ind2="0"><subfield code="a">Philosophy and religion.</subfield><subfield code="0">(uri) http://id.loc.gov/authorities/subjects/sh85100999</subfield></datafield><datafield tag="650" ind1=" " ind2="4"><subfield code="a">Atheism.</subfield></datafield><datafield tag="650" ind1=" " ind2="4"><subfield code="a">Free Thought.</subfield></datafield><datafield tag="600" ind1="1" ind2="0"><subfield code="a">Darwin, Charles,</subfield><subfield code="d">1809-1882.</subfield><subfield code="0">(uri) http://id.loc.gov/authorities/names/n78095637</subfield><subfield code="0">(uri) http://viaf.org/viaf/sourceID/LC|n78095637</subfield></datafield><datafield tag="650" ind1=" " ind2="4"><subfield code="a">Atheistic Platform.</subfield></datafield><datafield tag="650" ind1=" " ind2="4"><subfield code="a">Freethought Publishing Company.</subfield></datafield><datafield tag="650" ind1=" " ind2="4"><subfield code="a">London, England, United Kingdom.</subfield></datafield><datafield tag="655" ind1=" " ind2="7"><subfield code="a">Pamphlets.</subfield><subfield code="2">gmgpc</subfield></datafield><datafield tag="998" ind1=" " ind2=" "><subfield code="c">labd</subfield></datafield><datafield tag="958" ind1=" " ind2=" "><subfield code="a">MiU</subfield></datafield><datafield tag="959" ind1=" " ind2=" "><subfield code="a">(notis)ULAQK1966</subfield></datafield><datafield tag="995" ind1=" " ind2=" "><subfield code="a">20</subfield></datafield><datafield tag="BIB" ind1=" " ind2=" "><subfield code="u">2021-08-21 04:35:54 US/Eastern</subfield><subfield code="c">2021-06-21 16:42:18 US/Eastern</subfield></datafield><datafield tag="852" ind1="8" ind2=" "><subfield code="b">SPEC</subfield><subfield code="a">MiU</subfield><subfield code="c">LAPA</subfield><subfield code="h">Philosophy and Religion 8732</subfield><subfield code="8">22947102080006381</subfield></datafield><datafield tag="974" ind1=" " ind2=" "><subfield code="8">22947102080006381</subfield><subfield code="f">1</subfield><subfield code="c">LAPA</subfield><subfield code="m">BOOK</subfield><subfield code="a">39015085338559</subfield><subfield code="e">LAPA</subfield><subfield code="7">23947102070006381</subfield><subfield code="p">08</subfield><subfield code="r">1995-02-28 10:59:00</subfield><subfield code="h">Philosophy and Religion 8732</subfield><subfield code="d">SPEC</subfield><subfield code="b">SPEC</subfield></datafield></record>