<record><leader>     nem a22002057  4500</leader><controlfield tag="005">19980805000000.0</controlfield><controlfield tag="008">980805s1965    lau       a     1   eng d</controlfield><controlfield tag="001">990032775480106381</controlfield><datafield tag="035" ind1=" " ind2=" "><subfield code="a">(MiU)003277548MIU01</subfield></datafield><datafield tag="035" ind1=" " ind2=" "><subfield code="a">(OCoLC)ocm03299181</subfield><subfield code="0">(uri) http://www.worldcat.org/oclc/03299181</subfield></datafield><datafield tag="040" ind1=" " ind2=" "><subfield code="a">VWM</subfield><subfield code="c">VWM</subfield></datafield><datafield tag="052" ind1=" " ind2=" "><subfield code="a">4011</subfield></datafield><datafield tag="110" ind1="2" ind2=" "><subfield code="a">Louisiana Geological Survey.</subfield><subfield code="0">(uri) http://id.loc.gov/authorities/names/n80038490</subfield><subfield code="0">(uri) http://viaf.org/viaf/sourceID/LC|n80038490</subfield></datafield><datafield tag="245" ind1="1" ind2="0"><subfield code="a">Louisiana salt domes,</subfield><subfield code="c">prepared by Department of Conservation, Louisiana Geological Survey.</subfield></datafield><datafield tag="260" ind1="1" ind2=" "><subfield code="a">[Baton Rouge]</subfield><subfield code="c">1965.</subfield></datafield><datafield tag="300" ind1=" " ind2=" "><subfield code="a">map</subfield><subfield code="c">34 x 34 cm.</subfield></datafield><datafield tag="507" ind1=" " ind2=" "><subfield code="a">Scale ca. 1:1,900,000.</subfield></datafield><datafield tag="650" ind1=" " ind2="0"><subfield code="a">Salt domes</subfield><subfield code="z">Louisiana</subfield><subfield code="x">Maps.</subfield><subfield code="0">(uri) http://id.loc.gov/authorities/subjects/sh85116865</subfield></datafield><datafield tag="651" ind1=" " ind2="0"><subfield code="a">Louisiana</subfield><subfield code="x">Maps.</subfield><subfield code="0">(uri) http://id.loc.gov/authorities/names/n79138970</subfield><subfield code="0">(uri) http://viaf.org/viaf/sourceID/LC|n79138970</subfield></datafield><datafield tag="958" ind1=" " ind2=" "><subfield code="a">MiU</subfield></datafield><datafield tag="959" ind1=" " ind2=" "><subfield code="a">(notis)ULASC2753</subfield></datafield><datafield tag="995" ind1=" " ind2=" "><subfield code="a">20</subfield></datafield><datafield tag="BIB" ind1=" " ind2=" "><subfield code="u">2021-08-21 04:36:05 US/Eastern</subfield><subfield code="c">2021-06-21 16:48:13 US/Eastern</subfield></datafield><datafield tag="852" ind1="8" ind2=" "><subfield code="b">HATCH</subfield><subfield code="a">MiU</subfield><subfield code="c">CLMAP</subfield><subfield code="h">LOUISIANA</subfield><subfield code="8">22948775140006381</subfield></datafield><datafield tag="974" ind1=" " ind2=" "><subfield code="8">22948775140006381</subfield><subfield code="f">1</subfield><subfield code="c">CLMAP</subfield><subfield code="m">MAP</subfield><subfield code="a">B1272889</subfield><subfield code="e">CLMAP</subfield><subfield code="7">23948775130006381</subfield><subfield code="p">08</subfield><subfield code="r">2004-06-25 10:59:00</subfield><subfield code="h">LOUISIANA</subfield><subfield code="d">HATCH</subfield><subfield code="b">HATCH</subfield></datafield></record>