<record><leader>00000cam a2200397Ia 4500</leader><controlfield tag="005">20050120161324.0</controlfield><controlfield tag="008">031022s2003    caua          000 1 eng d</controlfield><controlfield tag="001">990049309030106381</controlfield><datafield tag="035" ind1=" " ind2=" "><subfield code="a">(MiU)004930903MIU01</subfield></datafield><datafield tag="020" ind1=" " ind2=" "><subfield code="a">1892389541</subfield><subfield code="q">(trade hardcover)</subfield><subfield code="0">(uri) http://www.isbnsearch.org/isbn/1892389541</subfield></datafield><datafield tag="020" ind1=" " ind2=" "><subfield code="a">1892389533</subfield><subfield code="q">(limited hardcover)</subfield><subfield code="0">(uri) http://www.isbnsearch.org/isbn/1892389533</subfield></datafield><datafield tag="035" ind1=" " ind2=" "><subfield code="a">(OCoLC)ocm53256340</subfield><subfield code="0">(uri) http://www.worldcat.org/oclc/53256340</subfield></datafield><datafield tag="040" ind1=" " ind2=" "><subfield code="a">ORX</subfield><subfield code="c">ORX</subfield><subfield code="d">SPP</subfield><subfield code="d">EYM</subfield></datafield><datafield tag="049" ind1=" " ind2=" "><subfield code="a">EYMG</subfield></datafield><datafield tag="090" ind1=" " ind2=" "><subfield code="a">R705</subfield><subfield code="b">.T43 2003</subfield></datafield><datafield tag="099" ind1=" " ind2=" "><subfield code="a">PN 6231 .M4 T47 2003</subfield></datafield><datafield tag="245" ind1="0" ind2="4"><subfield code="a">The Thackery T. Lambshead pocket guide to eccentric &amp; discredited diseases, 83rd edition /</subfield><subfield code="c">edited by Jeff Vandermeer &amp; Mark Roberts.</subfield></datafield><datafield tag="246" ind1="3" ind2=" "><subfield code="a">Thackery T. Lambshead pocket guide to eccentric and discredited diseases, 83rd edition</subfield></datafield><datafield tag="246" ind1="3" ind2="0"><subfield code="a">Pocket guide to eccentric &amp; discredited diseases, 83rd edition</subfield></datafield><datafield tag="246" ind1="3" ind2="0"><subfield code="a">Pocket guide to eccentric and discredited diseases, 83rd edition</subfield></datafield><datafield tag="246" ind1="3" ind2="0"><subfield code="a">Guide to eccentic and discredited diseases</subfield></datafield><datafield tag="250" ind1=" " ind2=" "><subfield code="a">1st ed.</subfield></datafield><datafield tag="260" ind1=" " ind2=" "><subfield code="a">San Francisco :</subfield><subfield code="b">Night Shade Books,</subfield><subfield code="c">c2003.</subfield></datafield><datafield tag="300" ind1=" " ind2=" "><subfield code="a">xxii, 297 p. :</subfield><subfield code="b">ill. ;</subfield><subfield code="c">24 cm.</subfield></datafield><datafield tag="500" ind1=" " ind2=" "><subfield code="a">"Disclaimer: the Thackery T. Lambshead pocket guide to ... is a work of fiction ..."--P. [vi].</subfield></datafield><datafield tag="505" ind1="2" ind2=" "><subfield code="a">The life of Dr. Thackery T. Lambshead (1900-) -- An enthusiastic foreword by the editors -- A reluctant introduction / by Dr. Lambsshead -- Alphabetes : a disease guide benediction for the health &amp; safety of all contributors, readers and (sympathetic) reviewers -- Diseases -- Reminiscences -- Autopsy : prior samples, nostalgia, and an obscure history -- Biographical data.</subfield></datafield><datafield tag="650" ind1=" " ind2="0"><subfield code="a">Diseases</subfield><subfield code="v">Humor.</subfield><subfield code="0">(uri) http://id.loc.gov/authorities/subjects/sh85038411</subfield></datafield><datafield tag="650" ind1=" " ind2="0"><subfield code="a">Diseases</subfield><subfield code="v">Fiction.</subfield><subfield code="0">(uri) http://id.loc.gov/authorities/subjects/sh2009123616</subfield></datafield><datafield tag="650" ind1=" " ind2="0"><subfield code="a">Medicine</subfield><subfield code="v">Humor.</subfield><subfield code="0">(uri) http://id.loc.gov/authorities/subjects/sh88000167</subfield></datafield><datafield tag="650" ind1=" " ind2="0"><subfield code="a">Medical fiction.</subfield><subfield code="0">(uri) http://id.loc.gov/authorities/subjects/sh99014359</subfield></datafield><datafield tag="650" ind1=" " ind2="0"><subfield code="a">Physicians</subfield><subfield code="v">Humor.</subfield><subfield code="0">(uri) http://id.loc.gov/authorities/subjects/sh85101610</subfield></datafield><datafield tag="650" ind1=" " ind2="0"><subfield code="a">Physicians</subfield><subfield code="v">Fiction.</subfield><subfield code="0">(uri) http://id.loc.gov/authorities/subjects/sh2008108880</subfield></datafield><datafield tag="700" ind1="1" ind2=" "><subfield code="a">VanderMeer, Jeff.</subfield><subfield code="0">(uri) http://id.loc.gov/authorities/names/n96100108</subfield><subfield code="0">(uri) http://viaf.org/viaf/sourceID/LC|n96100108</subfield></datafield><datafield tag="700" ind1="1" ind2=" "><subfield code="a">Roberts, Mark.</subfield><subfield code="0">(uri) http://id.loc.gov/authorities/names/no92004630</subfield><subfield code="0">(uri) http://viaf.org/viaf/sourceID/LC|no92004630</subfield></datafield><datafield tag="997" ind1=" " ind2=" "><subfield code="a">MARS</subfield></datafield><datafield tag="998" ind1=" " ind2=" "><subfield code="c">mcp wh</subfield></datafield><datafield tag="958" ind1=" " ind2=" "><subfield code="a">MiU</subfield></datafield><datafield tag="995" ind1=" " ind2=" "><subfield code="a">20</subfield></datafield><datafield tag="BIB" ind1=" " ind2=" "><subfield code="u">2021-08-21 04:36:02 US/Eastern</subfield><subfield code="c">2021-06-21 16:41:46 US/Eastern</subfield></datafield><datafield tag="852" ind1="0" ind2=" "><subfield code="b">HATCH</subfield><subfield code="a">MiU</subfield><subfield code="c">GRAD</subfield><subfield code="h">PN 6231 .M4 T47 2003</subfield><subfield code="8">22946993640006381</subfield></datafield><datafield tag="974" ind1=" " ind2=" "><subfield code="8">22946993640006381</subfield><subfield code="f">1</subfield><subfield code="c">GRAD</subfield><subfield code="m">BOOK</subfield><subfield code="a">39015059189640</subfield><subfield code="e">GRAD</subfield><subfield code="u">mdp.39015059189640 ic 20200522</subfield><subfield code="7">23946993630006381</subfield><subfield code="p">01</subfield><subfield code="r">2005-01-24 10:59:00</subfield><subfield code="h">PN 6231 .M4 T47 2003</subfield><subfield code="d">HATCH</subfield><subfield code="b">HATCH</subfield></datafield></record>