<record><leader>     aam a2200349 a 4500</leader><controlfield tag="005">20150404043500.0</controlfield><controlfield tag="008">130927s2015    sp a          000 0 eng d</controlfield><controlfield tag="001">990135730890106381</controlfield><datafield tag="035" ind1=" " ind2=" "><subfield code="a">(MiU)013573089MIU01</subfield></datafield><datafield tag="020" ind1=" " ind2=" "><subfield code="a">8415967047</subfield><subfield code="0">(uri) http://www.isbnsearch.org/isbn/8415967047</subfield></datafield><datafield tag="020" ind1=" " ind2=" "><subfield code="a">9788415967040</subfield><subfield code="0">(uri) http://www.isbnsearch.org/isbn/9788415967040</subfield></datafield><datafield tag="035" ind1=" " ind2=" "><subfield code="a">(OCoLC)859046667</subfield><subfield code="0">(uri) http://www.worldcat.org/oclc/859046667</subfield></datafield><datafield tag="035" ind1=" " ind2=" "><subfield code="a">(coutts)cts18266662</subfield></datafield><datafield tag="040" ind1=" " ind2=" "><subfield code="a">YDXCP</subfield><subfield code="c">YDXCP</subfield><subfield code="d">BTCTA</subfield><subfield code="d">BDX</subfield><subfield code="d">OPW</subfield><subfield code="d">LEB</subfield><subfield code="d">CDX</subfield><subfield code="d">CaONFJC</subfield></datafield><datafield tag="041" ind1="1" ind2=" "><subfield code="a">eng</subfield><subfield code="h">ita</subfield></datafield><datafield tag="050" ind1=" " ind2="4"><subfield code="a">NC765</subfield><subfield code="b">.B73 2015</subfield></datafield><datafield tag="082" ind1="0" ind2="4"><subfield code="a">743.4</subfield><subfield code="2">23</subfield></datafield><datafield tag="100" ind1="1" ind2=" "><subfield code="a">Brambilla, Daniela.</subfield><subfield code="0">(uri) http://id.loc.gov/authorities/names/nb2016013659</subfield><subfield code="0">(uri) http://viaf.org/viaf/sourceID/LC|nb2016013659</subfield></datafield><datafield tag="240" ind1="1" ind2="0"><subfield code="a">Vedere con la matita.</subfield><subfield code="l">English</subfield></datafield><datafield tag="245" ind1="1" ind2="0"><subfield code="a">Human figure drawing :</subfield><subfield code="b">drawing gestures, postures and movements /</subfield><subfield code="c">Daniela Brambilla ; [translator, Tom Corkett].</subfield></datafield><datafield tag="250" ind1=" " ind2=" "><subfield code="a">[1st English language ed.].</subfield></datafield><datafield tag="260" ind1=" " ind2=" "><subfield code="a">Barcelona :</subfield><subfield code="b">Promopress,</subfield><subfield code="c">c2015.</subfield></datafield><datafield tag="300" ind1=" " ind2=" "><subfield code="a">255 p. :</subfield><subfield code="b">ill. (some col.) ;</subfield><subfield code="c">31 cm</subfield></datafield><datafield tag="520" ind1=" " ind2=" "><subfield code="a">This book shows us how to learn to draw the human figure through developing the ability to observe the subject. Drawing the human figure is crucial for artists, but is also one of the most complex aspects of drawing. This book provides innovative ways to capture the nature of gestures, and also ways to overcome a lack of confidence in this area in order to face the challenge of figure drawing with a childlike boldness and curiosity.</subfield></datafield><datafield tag="546" ind1=" " ind2=" "><subfield code="a">Translated from the Italian.</subfield></datafield><datafield tag="650" ind1=" " ind2="0"><subfield code="a">Figure drawing</subfield><subfield code="x">Technique.</subfield><subfield code="0">(uri) http://id.loc.gov/authorities/subjects/sh2008103716</subfield></datafield><datafield tag="650" ind1=" " ind2="0"><subfield code="a">Anatomy, Artistic.</subfield><subfield code="0">(uri) http://id.loc.gov/authorities/subjects/sh85004836</subfield></datafield><datafield tag="700" ind1="1" ind2=" "><subfield code="a">Corkett, Thomas.</subfield><subfield code="0">(uri) http://id.loc.gov/authorities/names/nb2014020276</subfield><subfield code="0">(uri) http://viaf.org/viaf/sourceID/LC|nb2014020276</subfield></datafield><datafield tag="997" ind1=" " ind2=" "><subfield code="a">MARS</subfield></datafield><datafield tag="958" ind1=" " ind2=" "><subfield code="a">MiU</subfield></datafield><datafield tag="937" ind1=" " ind2=" "><subfield code="a">18266662</subfield></datafield><datafield tag="955" ind1="0" ind2=" "><subfield code="a">MiU</subfield><subfield code="b">AAEL</subfield><subfield code="c">BKS</subfield><subfield code="h">NC765 .B73 2015</subfield><subfield code="p">39015095436153</subfield><subfield code="z">013573089</subfield></datafield><datafield tag="980" ind1=" " ind2=" "><subfield code="e">34.95</subfield><subfield code="f">18266662</subfield></datafield><datafield tag="995" ind1=" " ind2=" "><subfield code="a">20</subfield></datafield><datafield tag="BIB" ind1=" " ind2=" "><subfield code="u">2021-08-21 04:36:11 US/Eastern</subfield><subfield code="c">2021-06-21 16:45:38 US/Eastern</subfield></datafield><datafield tag="852" ind1="0" ind2=" "><subfield code="b">AAEL</subfield><subfield code="a">MiU</subfield><subfield code="c">BKS</subfield><subfield code="h">NC765 .B73 2015</subfield><subfield code="8">22948096740006381</subfield></datafield><datafield tag="974" ind1=" " ind2=" "><subfield code="8">22948096740006381</subfield><subfield code="f">0</subfield><subfield code="t">LOAN</subfield><subfield code="c">BKS</subfield><subfield code="m">BOOK</subfield><subfield code="a">39015095436153</subfield><subfield code="e">BKS</subfield><subfield code="7">23948096730006381</subfield><subfield code="p">01</subfield><subfield code="r">2015-04-03 10:59:00</subfield><subfield code="h">NC765 .B73 2015</subfield><subfield code="d">AAEL</subfield><subfield code="b">AAEL</subfield></datafield></record>