<record><leader>     nam a22002771  4500</leader><controlfield tag="005">19890623000000.0</controlfield><controlfield tag="008">890623s1945    nyuabe        00000 eng  </controlfield><controlfield tag="001">990011305610106381</controlfield><datafield tag="035" ind1=" " ind2=" "><subfield code="a">(MiU)001130561MIU01</subfield></datafield><datafield tag="010" ind1=" " ind2=" "><subfield code="a">a 45001863</subfield></datafield><datafield tag="035" ind1=" " ind2=" "><subfield code="a">(CaOTULAS)176126384</subfield></datafield><datafield tag="035" ind1=" " ind2=" "><subfield code="a">(SAZTEC)059704350</subfield></datafield><datafield tag="035" ind1=" " ind2=" "><subfield code="a">(SAZTEC)059704380</subfield></datafield><datafield tag="035" ind1=" " ind2=" "><subfield code="a">(SAZTEC)059704390</subfield></datafield><datafield tag="035" ind1=" " ind2=" "><subfield code="a">(OCoLC)ocm00256263</subfield><subfield code="0">(uri) http://www.worldcat.org/oclc/00256263</subfield></datafield><datafield tag="040" ind1=" " ind2=" "><subfield code="c">CarP</subfield></datafield><datafield tag="043" ind1=" " ind2=" "><subfield code="a">n-us---</subfield></datafield><datafield tag="050" ind1="0" ind2=" "><subfield code="a">HN57</subfield><subfield code="b">.W58</subfield></datafield><datafield tag="100" ind1="1" ind2=" "><subfield code="a">Withers, Carl.</subfield><subfield code="0">(uri) http://id.loc.gov/authorities/names/n50081089</subfield><subfield code="0">(uri) http://viaf.org/viaf/sourceID/LC|n50081089</subfield></datafield><datafield tag="245" ind1="1" ind2="0"><subfield code="a">Plainville, U. S. A.</subfield></datafield><datafield tag="260" ind1=" " ind2=" "><subfield code="a">New York,</subfield><subfield code="b">Columbia university press,</subfield><subfield code="c">1945.</subfield></datafield><datafield tag="300" ind1=" " ind2=" "><subfield code="a">xv, [3], 238 p.</subfield><subfield code="b">illus. (map, plan) diagrs.</subfield><subfield code="c">23 cm.</subfield></datafield><datafield tag="650" ind1=" " ind2="0"><subfield code="a">Cities and towns</subfield><subfield code="z">United States.</subfield><subfield code="0">(uri) http://id.loc.gov/authorities/subjects/sh85026130</subfield></datafield><datafield tag="650" ind1=" " ind2="0"><subfield code="a">Social surveys</subfield><subfield code="0">(uri) http://id.loc.gov/authorities/subjects/sh85124079</subfield></datafield><datafield tag="651" ind1=" " ind2="0"><subfield code="a">United States</subfield><subfield code="x">Social conditions</subfield><subfield code="0">(uri) http://id.loc.gov/authorities/subjects/sh85140511</subfield></datafield><datafield tag="998" ind1=" " ind2=" "><subfield code="c">UTL</subfield><subfield code="s">9662</subfield></datafield><datafield tag="958" ind1=" " ind2=" "><subfield code="a">MiU</subfield></datafield><datafield tag="959" ind1=" " ind2=" "><subfield code="a">(notis)ULAEV3605</subfield></datafield><datafield tag="995" ind1=" " ind2=" "><subfield code="a">20</subfield></datafield><datafield tag="BIB" ind1=" " ind2=" "><subfield code="u">2021-08-21 04:35:26 US/Eastern</subfield><subfield code="c">2021-06-21 16:42:26 US/Eastern</subfield></datafield><datafield tag="852" ind1="0" ind2=" "><subfield code="b">HATCH</subfield><subfield code="a">MiU</subfield><subfield code="c">GRAD</subfield><subfield code="h">HT 431 .W82</subfield><subfield code="8">22947175550006381</subfield></datafield><datafield tag="852" ind1="0" ind2=" "><subfield code="b">BUHR</subfield><subfield code="a">MiU</subfield><subfield code="c">MAIN</subfield><subfield code="h">HT 431 .W82</subfield><subfield code="8">22947175530006381</subfield></datafield><datafield tag="974" ind1=" " ind2=" "><subfield code="8">22947175550006381</subfield><subfield code="f">1</subfield><subfield code="c">GRAD</subfield><subfield code="m">BOOK</subfield><subfield code="a">39015008388335</subfield><subfield code="e">GRAD</subfield><subfield code="7">23947175540006381</subfield><subfield code="p">01</subfield><subfield code="r">1989-09-24 10:59:00</subfield><subfield code="h">HT 431 .W82</subfield><subfield code="d">HATCH</subfield><subfield code="b">HATCH</subfield></datafield><datafield tag="974" ind1=" " ind2=" "><subfield code="8">22947175530006381</subfield><subfield code="f">1</subfield><subfield code="c">MAIN</subfield><subfield code="m">BOOK</subfield><subfield code="a">39015008896386</subfield><subfield code="i">Buhr C 505243</subfield><subfield code="e">MAIN</subfield><subfield code="7">23947175520006381</subfield><subfield code="p">01</subfield><subfield code="r">1989-09-24 10:59:00</subfield><subfield code="h">HT 431 .W82</subfield><subfield code="d">BUHR</subfield><subfield code="b">BUHR</subfield></datafield></record>