<record><leader>     nam a22002651u 4500</leader><controlfield tag="005">19921005000000.0</controlfield><controlfield tag="008">890623s1958    iluab         00000 eng d</controlfield><controlfield tag="001">990012733070106381</controlfield><datafield tag="035" ind1=" " ind2=" "><subfield code="a">(MiU)001273307MIU01</subfield></datafield><datafield tag="010" ind1=" " ind2=" "><subfield code="a">59016021</subfield></datafield><datafield tag="035" ind1=" " ind2=" "><subfield code="a">(CaOTULAS)176272582</subfield></datafield><datafield tag="035" ind1=" " ind2=" "><subfield code="a">(SAZTEC)034802810</subfield></datafield><datafield tag="035" ind1=" " ind2=" "><subfield code="a">(SAZTEC)034802820</subfield></datafield><datafield tag="035" ind1=" " ind2=" "><subfield code="a">(OCoLC)ocm19090469</subfield><subfield code="0">(uri) http://www.worldcat.org/oclc/19090469</subfield></datafield><datafield tag="040" ind1=" " ind2=" "><subfield code="c">CarP</subfield></datafield><datafield tag="043" ind1=" " ind2=" "><subfield code="a">n-us---</subfield></datafield><datafield tag="100" ind1="1" ind2=" "><subfield code="a">White, Gilbert F.</subfield><subfield code="0">(uri) http://id.loc.gov/authorities/names/n50020216</subfield><subfield code="0">(uri) http://viaf.org/viaf/sourceID/LC|n50020216</subfield></datafield><datafield tag="245" ind1="1" ind2="0"><subfield code="a">Changes in urban occupance of flood plains in the United States,</subfield></datafield><datafield tag="260" ind1=" " ind2=" "><subfield code="a">Chicago,</subfield><subfield code="c">1958.</subfield></datafield><datafield tag="300" ind1=" " ind2=" "><subfield code="a">xiii, 235 p.</subfield><subfield code="b">illus., maps (part col.)</subfield><subfield code="c">23 cm.</subfield></datafield><datafield tag="490" ind1="1" ind2=" "><subfield code="a">University of Chicago. Dept. of Geography. Research paper ;</subfield><subfield code="n">o. 57</subfield></datafield><datafield tag="650" ind1=" " ind2="0"><subfield code="a">Flood control</subfield><subfield code="z">United States.</subfield><subfield code="0">(uri) http://id.loc.gov/authorities/subjects/sh2008120704</subfield></datafield><datafield tag="650" ind1=" " ind2="0"><subfield code="a">Migration, Internal</subfield><subfield code="z">United States.</subfield><subfield code="0">(uri) http://id.loc.gov/authorities/subjects/sh2008107776</subfield></datafield><datafield tag="830" ind1=" " ind2="0"><subfield code="a">Research paper (University of Chicago. Department of Geography) ;</subfield><subfield code="v">no. 57</subfield><subfield code="0">(uri) http://id.loc.gov/authorities/names/n42009355</subfield><subfield code="0">(uri) http://viaf.org/viaf/sourceID/LC|n42009355</subfield></datafield><datafield tag="998" ind1=" " ind2=" "><subfield code="c">UTL</subfield><subfield code="s">9662</subfield></datafield><datafield tag="958" ind1=" " ind2=" "><subfield code="a">MiU</subfield></datafield><datafield tag="959" ind1=" " ind2=" "><subfield code="a">(notis)ULAFK9000</subfield></datafield><datafield tag="995" ind1=" " ind2=" "><subfield code="a">20</subfield></datafield><datafield tag="BIB" ind1=" " ind2=" "><subfield code="u">2021-08-21 04:35:29 US/Eastern</subfield><subfield code="c">2021-06-21 16:45:20 US/Eastern</subfield></datafield><datafield tag="852" ind1="0" ind2=" "><subfield code="b">SHAP</subfield><subfield code="a">MiU</subfield><subfield code="c">SCI</subfield><subfield code="h">GB 1215 .W56</subfield><subfield code="8">22947973970006381</subfield></datafield><datafield tag="852" ind1="0" ind2=" "><subfield code="b">BUHR</subfield><subfield code="a">MiU</subfield><subfield code="c">MAIN</subfield><subfield code="h">GB 1215 .W56</subfield><subfield code="8">22947974000006381</subfield></datafield><datafield tag="974" ind1=" " ind2=" "><subfield code="8">22947974000006381</subfield><subfield code="f">1</subfield><subfield code="c">MAIN</subfield><subfield code="m">BOOK</subfield><subfield code="a">39015007182804</subfield><subfield code="i">Buhr B 913055</subfield><subfield code="e">MAIN</subfield><subfield code="u">mdp.39015007182804 und 20201007</subfield><subfield code="7">23947973980006381</subfield><subfield code="p">04</subfield><subfield code="r">1989-09-24 10:59:00</subfield><subfield code="h">GB 1215 .W56</subfield><subfield code="d">BUHR</subfield><subfield code="b">BUHR</subfield></datafield><datafield tag="974" ind1=" " ind2=" "><subfield code="8">22947973970006381</subfield><subfield code="f">1</subfield><subfield code="c">SCI</subfield><subfield code="m">BOOK</subfield><subfield code="a">39015004589266</subfield><subfield code="e">SCI</subfield><subfield code="7">23947973960006381</subfield><subfield code="p">01</subfield><subfield code="r">1989-09-24 10:59:00</subfield><subfield code="h">GB 1215 .W56</subfield><subfield code="d">SHAP</subfield><subfield code="b">SHAP</subfield></datafield></record>