<record><leader>00000cgm a2200721Ia 45x0</leader><controlfield tag="005">20040603170435.0</controlfield><controlfield tag="007">vd cgaizs</controlfield><controlfield tag="008">040420p20041995cau139            vleng d</controlfield><controlfield tag="001">990085376140106381</controlfield><datafield tag="035" ind1=" " ind2=" "><subfield code="a">(MiU)008537614MIU01</subfield></datafield><datafield tag="020" ind1=" " ind2=" "><subfield code="a">0788844016</subfield><subfield code="0">(uri) http://www.isbnsearch.org/isbn/0788844016</subfield></datafield><datafield tag="024" ind1="1" ind2="0"><subfield code="a">786936209853</subfield></datafield><datafield tag="028" ind1="4" ind2="2"><subfield code="a">29291</subfield><subfield code="b">Touchstone Home Entertainment</subfield></datafield><datafield tag="035" ind1=" " ind2=" "><subfield code="a">(OCoLC)ocm54983365</subfield><subfield code="0">(uri) http://www.worldcat.org/oclc/54983365</subfield></datafield><datafield tag="035" ind1=" " ind2=" "><subfield code="a">DHC24683</subfield></datafield><datafield tag="040" ind1=" " ind2=" "><subfield code="a">FQG</subfield><subfield code="c">FQG</subfield><subfield code="d">UMDON</subfield></datafield><datafield tag="049" ind1=" " ind2=" "><subfield code="a">MAIN</subfield></datafield><datafield tag="245" ind1="0" ind2="0"><subfield code="a">Jefferson in Paris</subfield><subfield code="h">[videorecording] /</subfield><subfield code="c">Touchstone Pictures and Merchant Ivory Productions.</subfield></datafield><datafield tag="260" ind1=" " ind2=" "><subfield code="a">Burbank, CA :</subfield><subfield code="b">Touchstone Home Entertainment,</subfield><subfield code="c">2004, 1995.</subfield></datafield><datafield tag="300" ind1=" " ind2=" "><subfield code="a">1 videodisc (139 min.) :</subfield><subfield code="b">sd., col. ;</subfield><subfield code="c">4 3/4 in.</subfield></datafield><datafield tag="500" ind1=" " ind2=" "><subfield code="a">DVD.</subfield></datafield><datafield tag="538" ind1=" " ind2=" "><subfield code="a">DVD ; Dolby digital ; Dolby surround ; digitally mastered ; region 1 encoding.</subfield></datafield><datafield tag="546" ind1=" " ind2=" "><subfield code="a">English ; In English or French ; subtitles: Spanish.</subfield></datafield><datafield tag="546" ind1=" " ind2=" "><subfield code="a">Closed-captioned for the hearing impaired.</subfield></datafield><datafield tag="500" ind1=" " ind2=" "><subfield code="a">DVD format.</subfield></datafield><datafield tag="500" ind1=" " ind2=" "><subfield code="a">Originally produced as a motion picture in 1995.</subfield></datafield><datafield tag="500" ind1=" " ind2=" "><subfield code="a">Widescreen format (1.85:1 aspect ratio) ; enhanced for 16x9 tvs.</subfield></datafield><datafield tag="508" ind1=" " ind2=" "><subfield code="a">Producer, Ismail Merchant ; co-producer, Humbert Balsan ; director, James Ivory ; writer, Ruth Prawer Jhabvala ; photography, Pierre L'Homme ; editing, Andrew Marcus, Isabel Lorente ; music, Richard Robbins.</subfield></datafield><datafield tag="511" ind1="1" ind2=" "><subfield code="a">Nick Nolte (Thomas Jefferson), Greta Scacchi (Maria Cosway), Simon Callow (Richard Cosway), Thandie Newton (Sally Hemings), Jean-Pierre Aumont (D'Hancarville), James Earl Jones (Madison Hemings), Beatrice Winde (Mary Hemings), Gwyneth Paltrow (Patsy Jefferson), Estelle Eonnet (Polly Jefferson), Seth Gilliam (James Hemings), Michael Lonsdale (Louis XVI), Charlotte de Turckheim (Marie Antoinette), Todd Boyce (William Short), Tim Choate (Reporter), Ismail Merchant (Tipoo Sultan's Ambassador), Daniel Mesguich (Mesmer).</subfield></datafield><datafield tag="520" ind1=" " ind2=" "><subfield code="a">In the mid-1780s, widower Thomas Jefferson replaces Benjamin Franklin as the U.S. representative to French regents Louis XVI and Marie Antoinette. He tries to resist the beautiful Mrs. Cosway. Also in Paris is Jefferson's daughter Patsy; when another daughter dies back in Virginia, Jefferson sends for his youngest, who brings along her slave, Sally Hemings, then 15, whom he also finds irresistible.</subfield></datafield><datafield tag="500" ind1=" " ind2=" "><subfield code="a">"29291."</subfield></datafield><datafield tag="600" ind1="1" ind2="0"><subfield code="a">Jefferson, Thomas,</subfield><subfield code="d">1743-1826</subfield><subfield code="v">Drama.</subfield><subfield code="0">(uri) http://id.loc.gov/authorities/names/n79089957</subfield><subfield code="0">(uri) http://viaf.org/viaf/sourceID/LC|n79089957</subfield></datafield><datafield tag="600" ind1="1" ind2="0"><subfield code="a">Hemings, Sally</subfield><subfield code="v">Drama.</subfield><subfield code="0">(uri) http://id.loc.gov/authorities/names/n78056413</subfield><subfield code="0">(uri) http://viaf.org/viaf/sourceID/LC|n78056413</subfield></datafield><datafield tag="600" ind1="1" ind2="0"><subfield code="a">Cosway, Maria Hadfield,</subfield><subfield code="d">1759-1838</subfield><subfield code="v">Drama.</subfield><subfield code="0">(uri) http://id.loc.gov/authorities/names/nr91044562</subfield><subfield code="0">(uri) http://viaf.org/viaf/sourceID/LC|nr91044562</subfield></datafield><datafield tag="600" ind1="1" ind2="0"><subfield code="a">Cosway, Richard,</subfield><subfield code="d">1740-1821</subfield><subfield code="v">Drama.</subfield><subfield code="0">(uri) http://id.loc.gov/authorities/names/n93108180</subfield><subfield code="0">(uri) http://viaf.org/viaf/sourceID/LC|n93108180</subfield></datafield><datafield tag="600" ind1="1" ind2="0"><subfield code="a">Eppes, Maria,</subfield><subfield code="d">1778-1804</subfield><subfield code="v">Drama.</subfield><subfield code="0">(uri) http://id.loc.gov/authorities/names/no94033488</subfield><subfield code="0">(uri) http://viaf.org/viaf/sourceID/LC|no94033488</subfield></datafield><datafield tag="600" ind1="1" ind2="0"><subfield code="a">Randolph, Martha Jefferson,</subfield><subfield code="d">1772-1836</subfield><subfield code="v">Drama.</subfield><subfield code="0">(uri) http://id.loc.gov/authorities/names/n87870798</subfield><subfield code="0">(uri) http://viaf.org/viaf/sourceID/LC|n87870798</subfield></datafield><datafield tag="600" ind1="0" ind2="0"><subfield code="a">Louis</subfield><subfield code="b">XVI,</subfield><subfield code="c">King of France,</subfield><subfield code="d">1754-1793</subfield><subfield code="v">Drama.</subfield><subfield code="0">(uri) http://id.loc.gov/authorities/names/n80038425</subfield><subfield code="0">(uri) http://viaf.org/viaf/sourceID/LC|n80038425</subfield></datafield><datafield tag="600" ind1="0" ind2="0"><subfield code="a">Marie Antoinette,</subfield><subfield code="c">Queen, consort of Louis XVI, King of France,</subfield><subfield code="d">1755-1793</subfield><subfield code="v">Drama.</subfield><subfield code="0">(uri) http://id.loc.gov/authorities/names/n80038420</subfield><subfield code="0">(uri) http://viaf.org/viaf/sourceID/LC|n80038420</subfield></datafield><datafield tag="650" ind1=" " ind2="0"><subfield code="a">Historical films.</subfield><subfield code="0">(uri) http://id.loc.gov/authorities/subjects/sh85061189</subfield></datafield><datafield tag="650" ind1=" " ind2="0"><subfield code="a">Biographical films.</subfield><subfield code="0">(uri) http://id.loc.gov/authorities/subjects/sh85014151</subfield></datafield><datafield tag="650" ind1=" " ind2="0"><subfield code="a">Feature films.</subfield><subfield code="0">(uri) http://id.loc.gov/authorities/subjects/sh85047538</subfield></datafield><datafield tag="650" ind1=" " ind2="0"><subfield code="a">Man-woman relationships.</subfield><subfield code="0">(uri) http://id.loc.gov/authorities/subjects/sh92001504</subfield></datafield><datafield tag="650" ind1=" " ind2="0"><subfield code="a">Triangles (Interpersonal relations)</subfield><subfield code="v">Drama.</subfield><subfield code="0">(uri) http://id.loc.gov/authorities/subjects/sh2008113003</subfield></datafield><datafield tag="650" ind1=" " ind2="0"><subfield code="a">Adultery</subfield><subfield code="v">Drama.</subfield><subfield code="0">(uri) http://id.loc.gov/authorities/subjects/sh2007100546</subfield></datafield><datafield tag="650" ind1=" " ind2="0"><subfield code="a">Slaves</subfield><subfield code="v">Drama.</subfield><subfield code="0">(uri) http://id.loc.gov/authorities/subjects/sh2010113273</subfield></datafield><datafield tag="650" ind1=" " ind2="0"><subfield code="a">Fathers and daughters</subfield><subfield code="v">Drama.</subfield><subfield code="0">(uri) http://id.loc.gov/authorities/subjects/sh2008103602</subfield></datafield><datafield tag="651" ind1=" " ind2="0"><subfield code="a">France</subfield><subfield code="x">History</subfield><subfield code="y">Revolution, 1789-1799</subfield><subfield code="v">Drama.</subfield><subfield code="0">(uri) http://id.loc.gov/authorities/subjects/sh85051328</subfield></datafield><datafield tag="958" ind1=" " ind2=" "><subfield code="a">MiU</subfield></datafield><datafield tag="995" ind1=" " ind2=" "><subfield code="a">10</subfield></datafield><datafield tag="BIB" ind1=" " ind2=" "><subfield code="u">2021-08-21 04:36:09 US/Eastern</subfield><subfield code="c">2021-06-21 16:43:39 US/Eastern</subfield></datafield><datafield tag="852" ind1="4" ind2=" "><subfield code="b">DHCL</subfield><subfield code="a">MiU</subfield><subfield code="c">DVD</subfield><subfield code="j">DHC DVD</subfield><subfield code="8">22947470340006381</subfield></datafield><datafield tag="974" ind1=" " ind2=" "><subfield code="8">22947470340006381</subfield><subfield code="f">1</subfield><subfield code="c">DVD</subfield><subfield code="m">OTHERVM</subfield><subfield code="a">39015083768070</subfield><subfield code="e">DVD</subfield><subfield code="7">23947470330006381</subfield><subfield code="p">08</subfield><subfield code="r">2010-08-27 10:59:00</subfield><subfield code="h">DHC DVD</subfield><subfield code="d">DHCL</subfield><subfield code="b">DHCL</subfield></datafield></record>