<record><leader>     nam a22003131i 4500</leader><controlfield tag="005">19890828000000.0</controlfield><controlfield tag="008">890828s1974    pl a     b    00000 pol e</controlfield><controlfield tag="001">990014532000106381</controlfield><datafield tag="035" ind1=" " ind2=" "><subfield code="a">(MiU)001453200MIU01</subfield></datafield><datafield tag="010" ind1=" " ind2=" "><subfield code="a">74227571</subfield></datafield><datafield tag="035" ind1=" " ind2=" "><subfield code="a">(CaOTULAS)176441854</subfield></datafield><datafield tag="035" ind1=" " ind2=" "><subfield code="a">(SAZTEC)076704830</subfield></datafield><datafield tag="035" ind1=" " ind2=" "><subfield code="a">(OCoLC)ocm01870572</subfield><subfield code="0">(uri) http://www.worldcat.org/oclc/01870572</subfield></datafield><datafield tag="040" ind1=" " ind2=" "><subfield code="a">LC</subfield></datafield><datafield tag="041" ind1="0" ind2=" "><subfield code="a">pol</subfield><subfield code="b">rus</subfield></datafield><datafield tag="043" ind1=" " ind2=" "><subfield code="a">e-ur-un</subfield></datafield><datafield tag="045" ind1=" " ind2=" "><subfield code="a">w3w6</subfield></datafield><datafield tag="050" ind1="0" ind2="0"><subfield code="a">LF4300Z4</subfield><subfield code="b">T32</subfield></datafield><datafield tag="050" ind1=" " ind2="4"><subfield code="a">LF4300Z4</subfield><subfield code="b">T32</subfield></datafield><datafield tag="100" ind1="1" ind2=" "><subfield code="a">Tabiś, Jan</subfield></datafield><datafield tag="245" ind1="1" ind2="0"><subfield code="a">Polacy na Uniwersytecie Kijowskim :</subfield><subfield code="b">1834-1863 /</subfield><subfield code="d">Jan Tabiś.</subfield></datafield><datafield tag="250" ind1=" " ind2=" "><subfield code="a">[Wyd. 1.].</subfield></datafield><datafield tag="260" ind1=" " ind2=" "><subfield code="a">Kraków :</subfield><subfield code="b">Wydawn. Literackie,</subfield><subfield code="c">1974.</subfield></datafield><datafield tag="300" ind1=" " ind2=" "><subfield code="a">178 p. :</subfield><subfield code="b">illus.</subfield></datafield><datafield tag="500" ind1=" " ind2=" "><subfield code="a">Summary in Russian.</subfield></datafield><datafield tag="504" ind1=" " ind2=" "><subfield code="a">Includes bibliographical references.</subfield></datafield><datafield tag="610" ind1="2" ind2="0"><subfield code="a">Kyïvsʹkyĭ derz︠h︡avnyĭ universytet im. T.H. Shevchenka</subfield><subfield code="x">Students</subfield><subfield code="x">History.</subfield></datafield><datafield tag="650" ind1=" " ind2="0"><subfield code="a">Polish students</subfield><subfield code="z">Ukraine</subfield><subfield code="x">History.</subfield><subfield code="0">(uri) http://id.loc.gov/authorities/subjects/sh85104331</subfield></datafield><datafield tag="998" ind1=" " ind2=" "><subfield code="c">UTL</subfield><subfield code="s">9662</subfield></datafield><datafield tag="958" ind1=" " ind2=" "><subfield code="a">MiU</subfield></datafield><datafield tag="959" ind1=" " ind2=" "><subfield code="a">(notis)ULAGE4711</subfield></datafield><datafield tag="995" ind1=" " ind2=" "><subfield code="a">20</subfield></datafield><datafield tag="BIB" ind1=" " ind2=" "><subfield code="u">2021-08-21 04:35:23 US/Eastern</subfield><subfield code="c">2021-06-21 16:43:27 US/Eastern</subfield></datafield><datafield tag="852" ind1="0" ind2=" "><subfield code="b">HATCH</subfield><subfield code="a">MiU</subfield><subfield code="c">GRAD</subfield><subfield code="h">LF 4300 .Z4 T13</subfield><subfield code="8">22947415050006381</subfield></datafield><datafield tag="974" ind1=" " ind2=" "><subfield code="8">22947415050006381</subfield><subfield code="f">1</subfield><subfield code="c">GRAD</subfield><subfield code="m">BOOK</subfield><subfield code="a">39015029485508</subfield><subfield code="e">GRAD</subfield><subfield code="u">mdp.39015029485508 ic 20200908</subfield><subfield code="7">23947415040006381</subfield><subfield code="p">01</subfield><subfield code="r">1993-08-17 10:59:00</subfield><subfield code="h">LF 4300 .Z4 T13</subfield><subfield code="d">HATCH</subfield><subfield code="b">HATCH</subfield></datafield></record>