<record><leader>     nam a22003131i 4500</leader><controlfield tag="005">19880715000000.0</controlfield><controlfield tag="008">880715s1981    nyu      b    00110 eng  </controlfield><controlfield tag="001">990001435230106381</controlfield><datafield tag="035" ind1=" " ind2=" "><subfield code="a">(MiU)000143523MIU01</subfield></datafield><datafield tag="010" ind1=" " ind2=" "><subfield code="a">80019980</subfield></datafield><datafield tag="020" ind1=" " ind2=" "><subfield code="a">0231050925</subfield><subfield code="0">(uri) http://www.isbnsearch.org/isbn/0231050925</subfield></datafield><datafield tag="035" ind1=" " ind2=" "><subfield code="a">(RLIN)MIUG81-B9786</subfield></datafield><datafield tag="035" ind1=" " ind2=" "><subfield code="a">(CaOTULAS)160165691</subfield></datafield><datafield tag="035" ind1=" " ind2=" "><subfield code="a">(OCoLC)ocm06603452</subfield><subfield code="0">(uri) http://www.worldcat.org/oclc/06603452</subfield></datafield><datafield tag="043" ind1=" " ind2=" "><subfield code="a">e-uk---</subfield><subfield code="a">e-gr---</subfield></datafield><datafield tag="050" ind1="0" ind2=" "><subfield code="a">PR127</subfield><subfield code="b">.D4 1981</subfield></datafield><datafield tag="082" ind1="0" ind2=" "><subfield code="a">820/.9</subfield><subfield code="2">19</subfield></datafield><datafield tag="100" ind1="1" ind2=" "><subfield code="a">De Almeida, Hermione,</subfield><subfield code="d">1950-</subfield><subfield code="0">(uri) http://id.loc.gov/authorities/names/n80093720</subfield><subfield code="0">(uri) http://viaf.org/viaf/sourceID/LC|n80093720</subfield></datafield><datafield tag="245" ind1="1" ind2="0"><subfield code="a">Byron and Joyce through Homer :</subfield><subfield code="b">Don Juan and Ulysses /</subfield><subfield code="c">Hermione de Almeida.</subfield></datafield><datafield tag="260" ind1=" " ind2=" "><subfield code="a">New York :</subfield><subfield code="b">Columbia University Press,</subfield><subfield code="c">1981.</subfield></datafield><datafield tag="300" ind1=" " ind2=" "><subfield code="a">x, 233 p. ;</subfield><subfield code="c">23 cm.</subfield></datafield><datafield tag="504" ind1=" " ind2=" "><subfield code="a">Includes bibliographical references and index.</subfield></datafield><datafield tag="600" ind1="1" ind2="0"><subfield code="a">Byron, George Gordon Byron,</subfield><subfield code="c">Baron,</subfield><subfield code="d">1788-1824.</subfield><subfield code="t">Don Juan.</subfield><subfield code="0">(uri) http://id.loc.gov/authorities/names/no97017068</subfield><subfield code="0">(uri) http://viaf.org/viaf/sourceID/LC|no97017068</subfield></datafield><datafield tag="600" ind1="1" ind2="0"><subfield code="a">Joyce, James,</subfield><subfield code="d">1882-1941.</subfield><subfield code="t">Ulysses.</subfield><subfield code="0">(uri) http://id.loc.gov/authorities/names/n92029109</subfield><subfield code="0">(uri) http://viaf.org/viaf/sourceID/LC|n92029109</subfield></datafield><datafield tag="600" ind1="0" ind2="0"><subfield code="a">Homer.</subfield><subfield code="t">Odyssey.</subfield><subfield code="0">(uri) http://id.loc.gov/authorities/names/n80008528</subfield><subfield code="0">(uri) http://viaf.org/viaf/sourceID/LC|n80008528</subfield></datafield><datafield tag="600" ind1="0" ind2="0"><subfield code="a">Homer</subfield><subfield code="x">Influence.</subfield><subfield code="0">(uri) http://id.loc.gov/authorities/names/n78095639</subfield><subfield code="0">(uri) http://viaf.org/viaf/sourceID/LC|n78095639</subfield></datafield><datafield tag="650" ind1=" " ind2="0"><subfield code="a">English literature</subfield><subfield code="x">History and criticism</subfield><subfield code="0">(uri) http://id.loc.gov/authorities/subjects/sh85043833</subfield></datafield><datafield tag="650" ind1=" " ind2="0"><subfield code="a">English literature</subfield><subfield code="x">Greek influences.</subfield><subfield code="0">(uri) http://id.loc.gov/authorities/subjects/sh85043832</subfield></datafield><datafield tag="998" ind1=" " ind2=" "><subfield code="c">GEL</subfield><subfield code="s">9110</subfield></datafield><datafield tag="958" ind1=" " ind2=" "><subfield code="a">MiU</subfield></datafield><datafield tag="959" ind1=" " ind2=" "><subfield code="a">(notis)ULAAQ7433</subfield></datafield><datafield tag="995" ind1=" " ind2=" "><subfield code="a">20</subfield></datafield><datafield tag="BIB" ind1=" " ind2=" "><subfield code="u">2021-08-21 04:35:25 US/Eastern</subfield><subfield code="c">2021-06-21 16:43:50 US/Eastern</subfield></datafield><datafield tag="852" ind1="1" ind2=" "><subfield code="b">HATCH</subfield><subfield code="a">MiU</subfield><subfield code="c">GRAD</subfield><subfield code="h">820.9 D279by</subfield><subfield code="8">22947569090006381</subfield></datafield><datafield tag="974" ind1=" " ind2=" "><subfield code="8">22947569090006381</subfield><subfield code="f">1</subfield><subfield code="c">GRAD</subfield><subfield code="m">BOOK</subfield><subfield code="a">39015005502045</subfield><subfield code="e">GRAD</subfield><subfield code="7">23947569080006381</subfield><subfield code="p">01</subfield><subfield code="r">1989-09-23 10:59:00</subfield><subfield code="h">820.9 D279by</subfield><subfield code="d">HATCH</subfield><subfield code="b">HATCH</subfield></datafield></record>