<record><leader>     pam a2200517 i 4500</leader><controlfield tag="005">20170812043400.0</controlfield><controlfield tag="008">170217t20172017nbua     b    001 0beng  </controlfield><controlfield tag="001">990155105740106381</controlfield><datafield tag="035" ind1=" " ind2=" "><subfield code="a">(MiU)015510574MIU01</subfield></datafield><datafield tag="010" ind1=" " ind2=" "><subfield code="a">2017007879</subfield></datafield><datafield tag="020" ind1=" " ind2=" "><subfield code="a">9781612348957</subfield><subfield code="q">(cloth ;</subfield><subfield code="q">alk. paper)</subfield><subfield code="0">(uri) http://www.isbnsearch.org/isbn/9781612348957</subfield></datafield><datafield tag="020" ind1=" " ind2=" "><subfield code="a">1612348955</subfield><subfield code="q">(cloth ;</subfield><subfield code="q">alk. paper)</subfield><subfield code="0">(uri) http://www.isbnsearch.org/isbn/1612348955</subfield></datafield><datafield tag="020" ind1=" " ind2=" "><subfield code="z">9781612349510</subfield><subfield code="q">(epub)</subfield></datafield><datafield tag="020" ind1=" " ind2=" "><subfield code="z">9781612349527</subfield><subfield code="q">(mobi)</subfield></datafield><datafield tag="020" ind1=" " ind2=" "><subfield code="z">9781612349534</subfield><subfield code="q">(pdf)</subfield></datafield><datafield tag="035" ind1=" " ind2=" "><subfield code="a">(OCoLC)973810019</subfield><subfield code="0">(uri) http://www.worldcat.org/oclc/973810019</subfield></datafield><datafield tag="035" ind1=" " ind2=" "><subfield code="a">(coutts)cts20729945</subfield></datafield><datafield tag="040" ind1=" " ind2=" "><subfield code="a">DLC</subfield><subfield code="b">eng</subfield><subfield code="e">rda</subfield><subfield code="c">DLC</subfield><subfield code="d">OCLCQ</subfield><subfield code="d">OCLCF</subfield><subfield code="d">BDX</subfield><subfield code="d">YDX</subfield><subfield code="d">BTCTA</subfield><subfield code="d">OCLCQ</subfield><subfield code="d">OCLCO</subfield><subfield code="d">CaONFJC</subfield></datafield><datafield tag="042" ind1=" " ind2=" "><subfield code="a">pcc</subfield></datafield><datafield tag="043" ind1=" " ind2=" "><subfield code="a">n-us---</subfield></datafield><datafield tag="050" ind1="0" ind2="0"><subfield code="a">ML422.M44</subfield><subfield code="b">S67 2017</subfield></datafield><datafield tag="082" ind1="0" ind2="0"><subfield code="a">784.4/8092</subfield><subfield code="a">B</subfield><subfield code="2">23</subfield></datafield><datafield tag="100" ind1="1" ind2=" "><subfield code="a">Spragg, Dennis M.</subfield><subfield code="e">author.</subfield><subfield code="0">(uri) http://id.loc.gov/authorities/names/n2017009296</subfield><subfield code="0">(uri) http://viaf.org/viaf/sourceID/LC|n2017009296</subfield></datafield><datafield tag="245" ind1="1" ind2="0"><subfield code="a">Glenn Miller declassified /</subfield><subfield code="c">Dennis M. Spragg.</subfield></datafield><datafield tag="264" ind1=" " ind2="1"><subfield code="a">Lincoln :</subfield><subfield code="b">Potomac Books, an imprint of the University of Nebraska Press,</subfield><subfield code="c">[2017]</subfield></datafield><datafield tag="264" ind1=" " ind2="4"><subfield code="c">©2017</subfield></datafield><datafield tag="300" ind1=" " ind2=" "><subfield code="a">xviii, 386 pages :</subfield><subfield code="b">illustrations ;</subfield><subfield code="c">24 cm</subfield></datafield><datafield tag="336" ind1=" " ind2=" "><subfield code="a">text</subfield><subfield code="b">txt</subfield><subfield code="2">rdacontent</subfield></datafield><datafield tag="337" ind1=" " ind2=" "><subfield code="a">unmediated</subfield><subfield code="b">n</subfield><subfield code="2">rdamedia</subfield></datafield><datafield tag="338" ind1=" " ind2=" "><subfield code="a">volume</subfield><subfield code="b">nc</subfield><subfield code="2">rdacarrier</subfield></datafield><datafield tag="504" ind1=" " ind2=" "><subfield code="a">Includes bibliographical references (pages 341-363) and index.</subfield></datafield><datafield tag="600" ind1="1" ind2="0"><subfield code="a">Miller, Glenn,</subfield><subfield code="d">1904-1944.</subfield><subfield code="0">(uri) http://id.worldcat.org/fast/fst00011358</subfield><subfield code="0">(uri) http://id.loc.gov/authorities/names/n50033672</subfield><subfield code="0">(uri) http://viaf.org/viaf/sourceID/LC|n50033672</subfield></datafield><datafield tag="600" ind1="1" ind2="7"><subfield code="a">Miller, Glenn,</subfield><subfield code="d">1904-1944.</subfield><subfield code="2">fast</subfield><subfield code="0">(OCoLC)fst00011358</subfield><subfield code="0">(uri) http://id.worldcat.org/fast/fst00011358</subfield><subfield code="0">(uri) http://id.loc.gov/authorities/names/n50033672</subfield><subfield code="0">(uri) http://viaf.org/viaf/sourceID/LC|n50033672</subfield></datafield><datafield tag="650" ind1=" " ind2="0"><subfield code="a">Band directors</subfield><subfield code="z">United States</subfield><subfield code="v">Biography.</subfield><subfield code="0">(uri) http://id.loc.gov/authorities/subjects/sh2001002364</subfield></datafield><datafield tag="650" ind1=" " ind2="0"><subfield code="a">Jazz musicians</subfield><subfield code="z">United States</subfield><subfield code="v">Biography.</subfield><subfield code="0">(uri) http://id.loc.gov/authorities/subjects/sh2008106051</subfield></datafield><datafield tag="650" ind1=" " ind2="7"><subfield code="a">Band directors.</subfield><subfield code="2">fast</subfield><subfield code="0">(OCoLC)fst00826434</subfield><subfield code="0">(uri) http://id.worldcat.org/fast/fst00826434</subfield></datafield><datafield tag="650" ind1=" " ind2="7"><subfield code="a">Jazz musicians.</subfield><subfield code="2">fast</subfield><subfield code="0">(OCoLC)fst00982205</subfield><subfield code="0">(uri) http://id.worldcat.org/fast/fst00982205</subfield></datafield><datafield tag="651" ind1=" " ind2="7"><subfield code="a">United States.</subfield><subfield code="2">fast</subfield><subfield code="0">(OCoLC)fst01204155</subfield><subfield code="0">(uri) http://id.worldcat.org/fast/fst01204155</subfield></datafield><datafield tag="655" ind1=" " ind2="7"><subfield code="a">Biographies.</subfield><subfield code="2">fast</subfield><subfield code="0">(OCoLC)fst01919896</subfield><subfield code="0">(uri) http://id.loc.gov/authorities/genreForms/gf2014026049</subfield><subfield code="0">(uri) http://id.worldcat.org/fast/fst01919896</subfield></datafield><datafield tag="655" ind1=" " ind2="7"><subfield code="a">Biography.</subfield><subfield code="2">fast</subfield><subfield code="0">(OCoLC)fst01423686</subfield><subfield code="0">(uri) http://id.worldcat.org/fast/fst01423686</subfield></datafield><datafield tag="655" ind1=" " ind2="7"><subfield code="a">Biographies.</subfield><subfield code="2">lcgft</subfield><subfield code="0">(uri) http://id.loc.gov/authorities/genreForms/gf2014026049</subfield><subfield code="0">(uri) http://id.worldcat.org/fast/fst01919896</subfield></datafield><datafield tag="776" ind1="0" ind2="8"><subfield code="i">Online version:</subfield><subfield code="a">Spragg, Dennis M.</subfield><subfield code="t">Glenn Miller declassified.</subfield><subfield code="d">Lincoln : Potomac Books, 2017</subfield><subfield code="z">9781612349510</subfield><subfield code="w">(DLC) 2017008981</subfield></datafield><datafield tag="997" ind1=" " ind2=" "><subfield code="a">MARS</subfield></datafield><datafield tag="958" ind1=" " ind2=" "><subfield code="a">MiU</subfield></datafield><datafield tag="937" ind1=" " ind2=" "><subfield code="a">20729945</subfield></datafield><datafield tag="955" ind1="0" ind2=" "><subfield code="a">MiU</subfield><subfield code="b">MUSIC</subfield><subfield code="h">ML422.M44 S67 2017</subfield><subfield code="p">39015097945417</subfield><subfield code="z">015510574</subfield></datafield><datafield tag="980" ind1=" " ind2=" "><subfield code="e">34.95</subfield><subfield code="f">20729945</subfield></datafield><datafield tag="995" ind1=" " ind2=" "><subfield code="a">20</subfield></datafield><datafield tag="BIB" ind1=" " ind2=" "><subfield code="u">2021-08-21 04:36:12 US/Eastern</subfield><subfield code="c">2021-06-21 14:50:36 US/Eastern</subfield></datafield><datafield tag="852" ind1="0" ind2=" "><subfield code="b">MUSIC</subfield><subfield code="a">MiU</subfield><subfield code="c">NONE</subfield><subfield code="h">ML422 .M44 S67 2017</subfield><subfield code="8">22915194570006381</subfield></datafield><datafield tag="974" ind1=" " ind2=" "><subfield code="8">22915194570006381</subfield><subfield code="f">1</subfield><subfield code="c">NONE</subfield><subfield code="m">BOOK</subfield><subfield code="a">39015097945417</subfield><subfield code="e">NONE</subfield><subfield code="7">23915194540006381</subfield><subfield code="p">01</subfield><subfield code="r">2017-08-11 10:59:00</subfield><subfield code="h">ML422 .M44 S67 2017</subfield><subfield code="d">MUSIC</subfield><subfield code="b">MUSIC</subfield></datafield></record>