<record><leader>00000nam a22003851a 4500</leader><controlfield tag="005">20080731130044.0</controlfield><controlfield tag="008">940225s1989    lau      b   s00110 eng  </controlfield><controlfield tag="001">990044828410106381</controlfield><datafield tag="035" ind1=" " ind2=" "><subfield code="a">(MiU)004482841MIU01</subfield></datafield><datafield tag="010" ind1=" " ind2=" "><subfield code="a">88022040</subfield></datafield><datafield tag="020" ind1=" " ind2=" "><subfield code="a">0807114456</subfield><subfield code="q">(alk. paper)</subfield><subfield code="0">(uri) http://www.isbnsearch.org/isbn/0807114456</subfield></datafield><datafield tag="035" ind1=" " ind2=" "><subfield code="a">(RLIN)MIFG90-B6098</subfield></datafield><datafield tag="035" ind1=" " ind2=" "><subfield code="a">(OCoLC)18224010</subfield><subfield code="0">(uri) http://www.worldcat.org/oclc/18224010</subfield></datafield><datafield tag="043" ind1=" " ind2=" "><subfield code="a">n-us---</subfield><subfield code="a">n-us-la</subfield></datafield><datafield tag="050" ind1="0" ind2=" "><subfield code="a">PS266.L8</subfield><subfield code="b">T39 1989</subfield></datafield><datafield tag="082" ind1="0" ind2=" "><subfield code="a">813/.4/0932763</subfield><subfield code="2">19</subfield></datafield><datafield tag="090" ind1=" " ind2=" "><subfield code="a">PS266.L8</subfield><subfield code="b">T39 1989</subfield><subfield code="i">04/09/90 C</subfield></datafield><datafield tag="100" ind1="1" ind2=" "><subfield code="a">Taylor, Helen,</subfield><subfield code="d">1947-</subfield><subfield code="0">(uri) http://id.loc.gov/authorities/names/n87907826</subfield><subfield code="0">(uri) http://viaf.org/viaf/sourceID/LC|n87907826</subfield></datafield><datafield tag="245" ind1="1" ind2="0"><subfield code="a">Gender, race, and region in the writings of Grace King, Ruth McEnery Stuart, and Kate Chopin /</subfield><subfield code="c">Helen Taylor.</subfield></datafield><datafield tag="260" ind1=" " ind2=" "><subfield code="a">Baton Rouge :</subfield><subfield code="b">Louisiana State University Press,</subfield><subfield code="c">c1989.</subfield></datafield><datafield tag="300" ind1=" " ind2=" "><subfield code="a">xiv, 229 p. ;</subfield><subfield code="c">24 cm.</subfield></datafield><datafield tag="490" ind1="1" ind2=" "><subfield code="a">Southern literary studies</subfield><subfield code="0">(uri) http://id.loc.gov/authorities/names/n42022954</subfield><subfield code="0">(uri) http://viaf.org/viaf/sourceID/LC|n42022954</subfield></datafield><datafield tag="504" ind1=" " ind2=" "><subfield code="a">Bibliography: p. [207]-221.</subfield></datafield><datafield tag="500" ind1=" " ind2=" "><subfield code="a">Includes index.</subfield></datafield><datafield tag="650" ind1=" " ind2="0"><subfield code="a">American fiction</subfield><subfield code="z">Louisiana</subfield><subfield code="x">History and criticism.</subfield><subfield code="0">(uri) http://id.loc.gov/authorities/subjects/sh85004317</subfield></datafield><datafield tag="650" ind1=" " ind2="0"><subfield code="a">American fiction</subfield><subfield code="x">Women authors</subfield><subfield code="x">History and criticism.</subfield><subfield code="0">(uri) http://id.loc.gov/authorities/subjects/sh2007100757</subfield></datafield><datafield tag="650" ind1=" " ind2="0"><subfield code="a">Women and literature</subfield><subfield code="z">Louisiana.</subfield><subfield code="0">(uri) http://id.loc.gov/authorities/subjects/sh85147430</subfield></datafield><datafield tag="651" ind1=" " ind2="0"><subfield code="a">Louisiana</subfield><subfield code="x">In literature.</subfield><subfield code="0">(uri) http://id.loc.gov/authorities/names/n79138970</subfield><subfield code="0">(uri) http://viaf.org/viaf/sourceID/LC|n79138970</subfield></datafield><datafield tag="650" ind1=" " ind2="0"><subfield code="a">Sex role in literature.</subfield><subfield code="0">(uri) http://id.loc.gov/authorities/subjects/sh85120668</subfield></datafield><datafield tag="650" ind1=" " ind2="0"><subfield code="a">Race in literature.</subfield><subfield code="0">(uri) http://id.loc.gov/authorities/subjects/sh94008443</subfield></datafield><datafield tag="650" ind1=" " ind2="0"><subfield code="a">Local color in literature.</subfield><subfield code="0">(uri) http://id.loc.gov/authorities/subjects/sh85077913</subfield></datafield><datafield tag="600" ind1="1" ind2="0"><subfield code="a">King, Grace Elizabeth,</subfield><subfield code="d">1851 or 1852-1932</subfield><subfield code="x">Criticism and interpretation.</subfield><subfield code="0">(uri) http://id.loc.gov/authorities/names/n79079288</subfield><subfield code="0">(uri) http://viaf.org/viaf/sourceID/LC|n79079288</subfield></datafield><datafield tag="600" ind1="1" ind2="0"><subfield code="a">Stuart, Ruth McEnery,</subfield><subfield code="d">1856-1917</subfield><subfield code="x">Criticism and interpretation.</subfield><subfield code="0">(uri) http://id.loc.gov/authorities/names/n50010541</subfield><subfield code="0">(uri) http://viaf.org/viaf/sourceID/LC|n50010541</subfield></datafield><datafield tag="600" ind1="1" ind2="0"><subfield code="a">Chopin, Kate,</subfield><subfield code="d">1851-1904</subfield><subfield code="x">Criticism and interpretation.</subfield></datafield><datafield tag="830" ind1=" " ind2="0"><subfield code="a">Southern literary studies</subfield><subfield code="0">(uri) http://id.loc.gov/authorities/names/n42022954</subfield><subfield code="0">(uri) http://viaf.org/viaf/sourceID/LC|n42022954</subfield></datafield><datafield tag="998" ind1=" " ind2=" "><subfield code="a">04/09/90</subfield><subfield code="b">BAS</subfield><subfield code="c">BS</subfield><subfield code="s">9110</subfield></datafield><datafield tag="958" ind1=" " ind2=" "><subfield code="a">MiFliC</subfield></datafield><datafield tag="959" ind1=" " ind2=" "><subfield code="a">(notis)FLAAL3585</subfield></datafield><datafield tag="995" ind1=" " ind2=" "><subfield code="a">20</subfield></datafield><datafield tag="BIB" ind1=" " ind2=" "><subfield code="u">2021-08-21 04:35:41 US/Eastern</subfield><subfield code="c">2021-06-21 14:48:51 US/Eastern</subfield></datafield><datafield tag="852" ind1="0" ind2=" "><subfield code="b">FLINT</subfield><subfield code="a">MiFliC</subfield><subfield code="c">MAIN</subfield><subfield code="h">PS266.L8 T39 1989</subfield><subfield code="8">22914744750006381</subfield></datafield><datafield tag="974" ind1=" " ind2=" "><subfield code="8">22914744750006381</subfield><subfield code="f">1</subfield><subfield code="c">MAIN</subfield><subfield code="m">BOOK</subfield><subfield code="a">49015001001586</subfield><subfield code="e">MAIN</subfield><subfield code="7">23914744740006381</subfield><subfield code="p">01</subfield><subfield code="r">1994-06-08 10:59:00</subfield><subfield code="h">PS266.L8 T39 1989</subfield><subfield code="d">FLINT</subfield><subfield code="b">FLINT</subfield></datafield></record>