<record><leader>00000cam a2200301 a 45x0</leader><controlfield tag="005">20041122140326.0</controlfield><controlfield tag="008">040224s2004    nbua         s000 0 eng  </controlfield><controlfield tag="001">990047504150106381</controlfield><datafield tag="035" ind1=" " ind2=" "><subfield code="a">(MiU)004750415MIU01</subfield></datafield><datafield tag="010" ind1=" " ind2=" "><subfield code="a">2004004310</subfield></datafield><datafield tag="020" ind1=" " ind2=" "><subfield code="a">0803276222</subfield><subfield code="q">(pbk. : alk. paper)</subfield><subfield code="0">(uri) http://www.isbnsearch.org/isbn/0803276222</subfield></datafield><datafield tag="035" ind1=" " ind2=" "><subfield code="a">(OCoLC)ocm54503733</subfield><subfield code="0">(uri) http://www.worldcat.org/oclc/54503733</subfield></datafield><datafield tag="040" ind1=" " ind2=" "><subfield code="a">DLC</subfield><subfield code="c">DLC</subfield><subfield code="d">YDX</subfield></datafield><datafield tag="042" ind1=" " ind2=" "><subfield code="a">pcc</subfield></datafield><datafield tag="043" ind1=" " ind2=" "><subfield code="a">n-us---</subfield></datafield><datafield tag="050" ind1="0" ind2="0"><subfield code="a">E99.C6</subfield><subfield code="b">J62 2004</subfield></datafield><datafield tag="082" ind1="0" ind2="0"><subfield code="a">299.7/83330212</subfield><subfield code="2">22</subfield></datafield><datafield tag="100" ind1="1" ind2=" "><subfield code="a">Johnston, Basil.</subfield><subfield code="0">(uri) http://id.loc.gov/authorities/names/n82003564</subfield><subfield code="0">(uri) http://viaf.org/viaf/sourceID/LC|n82003564</subfield></datafield><datafield tag="245" ind1="1" ind2="0"><subfield code="a">Honour Earth Mother /</subfield><subfield code="c">Basil H. Johnston ; [illustrations, Polly Keeshig-Tobias].</subfield></datafield><datafield tag="250" ind1=" " ind2=" "><subfield code="a">1st Nebraska pbk. printing.</subfield></datafield><datafield tag="260" ind1=" " ind2=" "><subfield code="a">Lincoln :</subfield><subfield code="b">University of Nebraska Press,</subfield><subfield code="c">[2004]</subfield></datafield><datafield tag="300" ind1=" " ind2=" "><subfield code="a">xxi, 171 p. :</subfield><subfield code="b">ill. ;</subfield><subfield code="c">23 cm.</subfield></datafield><datafield tag="650" ind1=" " ind2="0"><subfield code="a">Ojibwa Indians.</subfield><subfield code="0">(uri) http://id.loc.gov/authorities/subjects/sh85024423</subfield></datafield><datafield tag="650" ind1=" " ind2="0"><subfield code="a">Ojibwa philosophy.</subfield><subfield code="0">(uri) http://id.loc.gov/authorities/subjects/sh94000740</subfield></datafield><datafield tag="650" ind1=" " ind2="0"><subfield code="a">Ojibwa Indians</subfield><subfield code="x">Religion.</subfield><subfield code="0">(uri) http://id.loc.gov/authorities/subjects/sh93004481</subfield></datafield><datafield tag="650" ind1=" " ind2="0"><subfield code="a">Ethnoecology.</subfield><subfield code="0">(uri) http://id.loc.gov/authorities/subjects/sh2001000104</subfield></datafield><datafield tag="997" ind1=" " ind2=" "><subfield code="a">MARS</subfield></datafield><datafield tag="998" ind1=" " ind2=" "><subfield code="c">mcp jb</subfield></datafield><datafield tag="958" ind1=" " ind2=" "><subfield code="a">MiU</subfield></datafield><datafield tag="995" ind1=" " ind2=" "><subfield code="a">20</subfield></datafield><datafield tag="BIB" ind1=" " ind2=" "><subfield code="u">2021-08-21 04:35:41 US/Eastern</subfield><subfield code="c">2021-06-21 14:49:12 US/Eastern</subfield></datafield><datafield tag="852" ind1="0" ind2=" "><subfield code="b">HATCH</subfield><subfield code="a">MiU</subfield><subfield code="c">GRAD</subfield><subfield code="h">E 99 .C6 J621 2004</subfield><subfield code="8">22914863420006381</subfield></datafield><datafield tag="974" ind1=" " ind2=" "><subfield code="8">22914863420006381</subfield><subfield code="f">0</subfield><subfield code="t">LOAN</subfield><subfield code="c">GRAD</subfield><subfield code="m">BOOK</subfield><subfield code="a">39015060055319</subfield><subfield code="e">GRAD</subfield><subfield code="u">mdp.39015060055319 ic 20200910</subfield><subfield code="7">23914863410006381</subfield><subfield code="p">01</subfield><subfield code="r">2004-09-30 10:59:00</subfield><subfield code="h">E 99 .C6 J621 2004</subfield><subfield code="d">HATCH</subfield><subfield code="b">HATCH</subfield></datafield></record>