<record><leader>00000cgm a2200589 a 45x0</leader><controlfield tag="005">20080619123404.0</controlfield><controlfield tag="007">vd cvaizm</controlfield><controlfield tag="008">040618p20041984xxu110 g          vlfre d</controlfield><controlfield tag="001">990047503550106381</controlfield><datafield tag="035" ind1=" " ind2=" "><subfield code="a">(MiU)004750355MIU01</subfield></datafield><datafield tag="020" ind1=" " ind2=" "><subfield code="a">0780028821</subfield><subfield code="0">(uri) http://www.isbnsearch.org/isbn/0780028821</subfield></datafield><datafield tag="024" ind1="1" ind2=" "><subfield code="a">037429195123</subfield></datafield><datafield tag="028" ind1="4" ind2="2"><subfield code="a">SWA 110</subfield><subfield code="b">Homevision Entertainment</subfield></datafield><datafield tag="035" ind1=" " ind2=" "><subfield code="a">DHC25935</subfield></datafield><datafield tag="035" ind1=" " ind2=" "><subfield code="a">(OCoLC)ocm55676831</subfield><subfield code="0">(uri) http://www.worldcat.org/oclc/55676831</subfield></datafield><datafield tag="040" ind1=" " ind2=" "><subfield code="a">TEFMT</subfield><subfield code="c">TEFMT</subfield><subfield code="d">RCS</subfield></datafield><datafield tag="041" ind1="1" ind2=" "><subfield code="a">fre</subfield><subfield code="b">eng</subfield></datafield><datafield tag="082" ind1="0" ind2="4"><subfield code="a">791.43/72</subfield><subfield code="2">22</subfield></datafield><datafield tag="245" ind1="0" ind2="3"><subfield code="a">Un amour de Swann</subfield><subfield code="h">[videorecording] =</subfield><subfield code="b">Swann in love /</subfield><subfield code="c">Gaumont ; FR3 ; SFPC ; Bioskop film ; Eberhard Junkersdorf and Nicole Stephane present a Margaret Menegoz and Les Films Du Losange production ; a film by Volker Schlondorff ; screenplay, Peter Brook, Jean-Claude Carriere, Marie-Helene Estienne.</subfield></datafield><datafield tag="246" ind1="3" ind2="1"><subfield code="a">Swann in love</subfield></datafield><datafield tag="260" ind1=" " ind2=" "><subfield code="a">[United States] :</subfield><subfield code="b">Homevision Entertainment :</subfield><subfield code="b">Janus Films,</subfield><subfield code="c">[2004]</subfield></datafield><datafield tag="300" ind1=" " ind2=" "><subfield code="a">1 videodisc (110 min.) :</subfield><subfield code="b">sd., col. ;</subfield><subfield code="c">4 3/4 in. +</subfield><subfield code="e">1 booklet.</subfield></datafield><datafield tag="538" ind1=" " ind2=" "><subfield code="a">DVD, region 1, widescreen (1.66:1) version; monaural.</subfield></datafield><datafield tag="546" ind1=" " ind2=" "><subfield code="a">In French with optional English subtitles.</subfield></datafield><datafield tag="500" ind1=" " ind2=" "><subfield code="a">Title from container.</subfield></datafield><datafield tag="511" ind1="1" ind2=" "><subfield code="a">Jeremy Irons, Alain Delon, Ornella Muti.</subfield></datafield><datafield tag="500" ind1=" " ind2=" "><subfield code="a">Based on the novel by Marcel Proust.</subfield></datafield><datafield tag="500" ind1=" " ind2=" "><subfield code="a">Originally released as a motion picture in 1984.</subfield></datafield><datafield tag="521" ind1="8" ind2=" "><subfield code="a">MPAA rating: Not rated.</subfield></datafield><datafield tag="520" ind1=" " ind2=" "><subfield code="a">Set in Paris in the 1890s, Swann falls in love with a young courtesan, and soon finds himself tormented by his unrelenting sexual desire.</subfield></datafield><datafield tag="500" ind1=" " ind2=" "><subfield code="a">Special features: director filmography.</subfield></datafield><datafield tag="650" ind1=" " ind2="0"><subfield code="a">Man-woman relationships</subfield><subfield code="v">Drama.</subfield><subfield code="0">(uri) http://id.loc.gov/authorities/subjects/sh2008107215</subfield></datafield><datafield tag="650" ind1=" " ind2="0"><subfield code="a">Sex</subfield><subfield code="v">Drama.</subfield><subfield code="0">(uri) http://id.loc.gov/authorities/subjects/sh85120549</subfield></datafield><datafield tag="700" ind1="1" ind2=" "><subfield code="a">Junkersdorf, Eberhard.</subfield><subfield code="0">(uri) http://id.loc.gov/authorities/names/nr97026039</subfield><subfield code="0">(uri) http://viaf.org/viaf/sourceID/LC|nr97026039</subfield></datafield><datafield tag="700" ind1="1" ind2=" "><subfield code="a">Stéphane, Nicole,</subfield><subfield code="d">1928-</subfield><subfield code="0">(uri) http://id.loc.gov/authorities/names/nr97024830</subfield><subfield code="0">(uri) http://viaf.org/viaf/sourceID/LC|nr97024830</subfield></datafield><datafield tag="700" ind1="1" ind2=" "><subfield code="a">Menegoz, Margaret.</subfield><subfield code="0">(uri) http://id.loc.gov/authorities/names/n86041261</subfield><subfield code="0">(uri) http://viaf.org/viaf/sourceID/LC|n86041261</subfield></datafield><datafield tag="700" ind1="1" ind2=" "><subfield code="a">Schlöndorff, Volker.</subfield><subfield code="0">(uri) http://id.loc.gov/authorities/names/n81116971</subfield><subfield code="0">(uri) http://viaf.org/viaf/sourceID/LC|n81116971</subfield></datafield><datafield tag="700" ind1="1" ind2=" "><subfield code="a">Brook, Peter.</subfield></datafield><datafield tag="700" ind1="1" ind2=" "><subfield code="a">Carriere, Jean-Marie.</subfield></datafield><datafield tag="700" ind1="1" ind2=" "><subfield code="a">Estienne, Marie-Hélène.</subfield><subfield code="0">(uri) http://id.loc.gov/authorities/names/nr2003005977</subfield><subfield code="0">(uri) http://viaf.org/viaf/sourceID/LC|nr2003005977</subfield></datafield><datafield tag="700" ind1="1" ind2=" "><subfield code="a">Irons, Jeremy,</subfield><subfield code="d">1948-</subfield><subfield code="0">(uri) http://id.loc.gov/authorities/names/n88227072</subfield><subfield code="0">(uri) http://viaf.org/viaf/sourceID/LC|n88227072</subfield></datafield><datafield tag="700" ind1="1" ind2=" "><subfield code="a">Delon, Alain,</subfield><subfield code="d">1935-</subfield><subfield code="0">(uri) http://id.loc.gov/authorities/names/n83011368</subfield><subfield code="0">(uri) http://viaf.org/viaf/sourceID/LC|n83011368</subfield></datafield><datafield tag="700" ind1="1" ind2=" "><subfield code="a">Muti, Ornella,</subfield><subfield code="d">1955-</subfield><subfield code="0">(uri) http://id.loc.gov/authorities/names/no98049765</subfield><subfield code="0">(uri) http://viaf.org/viaf/sourceID/LC|no98049765</subfield></datafield><datafield tag="700" ind1="1" ind2=" "><subfield code="a">Proust, Marcel,</subfield><subfield code="d">1871-1922.</subfield><subfield code="0">(uri) http://id.loc.gov/authorities/names/n79021736</subfield><subfield code="0">(uri) http://viaf.org/viaf/sourceID/LC|n79021736</subfield></datafield><datafield tag="710" ind1="2" ind2=" "><subfield code="a">Gaumont (Firm)</subfield><subfield code="0">(uri) http://id.loc.gov/authorities/names/n87816835</subfield><subfield code="0">(uri) http://viaf.org/viaf/sourceID/LC|n87816835</subfield></datafield><datafield tag="710" ind1="2" ind2=" "><subfield code="a">France 3 cinéma (Firm)</subfield><subfield code="0">(uri) http://id.loc.gov/authorities/names/nr98040934</subfield><subfield code="0">(uri) http://viaf.org/viaf/sourceID/LC|nr98040934</subfield></datafield><datafield tag="710" ind1="2" ind2=" "><subfield code="a">Société française de production cinématographique.</subfield><subfield code="0">(uri) http://id.loc.gov/authorities/names/no96064454</subfield><subfield code="0">(uri) http://viaf.org/viaf/sourceID/LC|no96064454</subfield></datafield><datafield tag="710" ind1="2" ind2=" "><subfield code="a">Bioskop-Film.</subfield><subfield code="0">(uri) http://id.loc.gov/authorities/names/nr97036991</subfield><subfield code="0">(uri) http://viaf.org/viaf/sourceID/LC|nr97036991</subfield></datafield><datafield tag="710" ind1="2" ind2=" "><subfield code="a">Homevision Entertainment.</subfield></datafield><datafield tag="710" ind1="2" ind2=" "><subfield code="a">Janus (Firm)</subfield><subfield code="0">(uri) http://id.loc.gov/authorities/names/n82069558</subfield><subfield code="0">(uri) http://viaf.org/viaf/sourceID/LC|n82069558</subfield></datafield><datafield tag="997" ind1=" " ind2=" "><subfield code="a">MARS</subfield></datafield><datafield tag="958" ind1=" " ind2=" "><subfield code="a">MiU</subfield></datafield><datafield tag="958" ind1=" " ind2=" "><subfield code="a">MiU</subfield></datafield><datafield tag="995" ind1=" " ind2=" "><subfield code="a">20</subfield></datafield><datafield tag="BIB" ind1=" " ind2=" "><subfield code="u">2021-08-21 04:36:07 US/Eastern</subfield><subfield code="c">2021-06-21 14:49:01 US/Eastern</subfield></datafield><datafield tag="852" ind1="4" ind2=" "><subfield code="b">DHCL</subfield><subfield code="a">MiU</subfield><subfield code="c">DVD</subfield><subfield code="j">DHC DVD</subfield><subfield code="8">22914849910006381</subfield></datafield><datafield tag="852" ind1="4" ind2=" "><subfield code="b">FVL</subfield><subfield code="a">MIU</subfield><subfield code="c">H1</subfield><subfield code="j">VIDEO-D 38597-D</subfield><subfield code="8">22914849980006381</subfield></datafield><datafield tag="866" ind1="4" ind2="0"><subfield code="a">(disc &amp; booklet)</subfield><subfield code="8">22914849980006381</subfield></datafield><datafield tag="974" ind1=" " ind2=" "><subfield code="8">22914849980006381</subfield><subfield code="f">1</subfield><subfield code="c">H1</subfield><subfield code="m">OTHERVM</subfield><subfield code="a">39015050855512</subfield><subfield code="i">h5080</subfield><subfield code="e">H1</subfield><subfield code="7">23914849930006381</subfield><subfield code="p">01</subfield><subfield code="r">2004-10-06 10:59:00</subfield><subfield code="h">VIDEO-D 38597-D</subfield><subfield code="d">FVL</subfield><subfield code="b">FVL</subfield></datafield><datafield tag="974" ind1=" " ind2=" "><subfield code="8">22914849910006381</subfield><subfield code="f">1</subfield><subfield code="c">DVD</subfield><subfield code="m">OTHERVM</subfield><subfield code="a">39015086245167</subfield><subfield code="e">DVD</subfield><subfield code="7">23914849890006381</subfield><subfield code="p">08</subfield><subfield code="r">2010-08-27 10:59:00</subfield><subfield code="h">DHC DVD</subfield><subfield code="d">DHCL</subfield><subfield code="b">DHCL</subfield></datafield></record>