<record><leader>     nam a22002411  4500</leader><controlfield tag="005">19880715000000.0</controlfield><controlfield tag="008">880715s1820    enkcf         00010aeng  </controlfield><controlfield tag="001">990001939580106381</controlfield><datafield tag="035" ind1=" " ind2=" "><subfield code="a">(MiU)000193958MIU01</subfield></datafield><datafield tag="010" ind1=" " ind2=" "><subfield code="a">04024416</subfield></datafield><datafield tag="035" ind1=" " ind2=" "><subfield code="a">(RLIN)MIUG83-B37837</subfield></datafield><datafield tag="035" ind1=" " ind2=" "><subfield code="a">(CaOTULAS)160283245</subfield></datafield><datafield tag="035" ind1=" " ind2=" "><subfield code="a">(OCoLC)ocm01592453</subfield><subfield code="0">(uri) http://www.worldcat.org/oclc/01592453</subfield></datafield><datafield tag="040" ind1=" " ind2=" "><subfield code="c">MiU</subfield><subfield code="d">MiU</subfield></datafield><datafield tag="050" ind1="0" ind2=" "><subfield code="a">DA948.3.E2</subfield><subfield code="b">A2</subfield></datafield><datafield tag="100" ind1="1" ind2=" "><subfield code="a">Edgeworth, Richard Lovell,</subfield><subfield code="d">1744-1817.</subfield><subfield code="0">(uri) http://id.loc.gov/authorities/names/n79061007</subfield><subfield code="0">(uri) http://viaf.org/viaf/sourceID/LC|n79061007</subfield></datafield><datafield tag="245" ind1="0" ind2="0"><subfield code="a">Memoirs of Richard Lovell Edgeworth, esq.,</subfield><subfield code="c">begun by himself and concluded by his daughter Maria Edgeworth.</subfield></datafield><datafield tag="260" ind1=" " ind2=" "><subfield code="a">London,</subfield><subfield code="b">R. Hunter [etc.]</subfield><subfield code="c">1820.</subfield></datafield><datafield tag="300" ind1=" " ind2=" "><subfield code="a">2 v.</subfield><subfield code="b">fronts., plates, ports.</subfield><subfield code="c">22 cm.</subfield></datafield><datafield tag="590" ind1=" " ind2=" "><subfield code="a">Armorial book-plate and superex-libris of the earls of Shrewsbury.</subfield></datafield><datafield tag="700" ind1="1" ind2=" "><subfield code="a">Edgeworth, Maria,</subfield><subfield code="d">1768-1849,</subfield><subfield code="e">ed.</subfield><subfield code="0">(uri) http://id.loc.gov/authorities/names/n79061006</subfield><subfield code="0">(uri) http://viaf.org/viaf/sourceID/LC|n79061006</subfield></datafield><datafield tag="700" ind1="1" ind2=" "><subfield code="a">Shrewsbury,</subfield><subfield code="c">earls of.</subfield><subfield code="4">PRO</subfield></datafield><datafield tag="998" ind1=" " ind2=" "><subfield code="c">MR</subfield><subfield code="s">9124</subfield></datafield><datafield tag="958" ind1=" " ind2=" "><subfield code="a">MiU</subfield></datafield><datafield tag="959" ind1=" " ind2=" "><subfield code="a">(notis)ULAAV8720</subfield></datafield><datafield tag="995" ind1=" " ind2=" "><subfield code="a">20</subfield></datafield><datafield tag="BIB" ind1=" " ind2=" "><subfield code="u">2021-08-21 04:35:26 US/Eastern</subfield><subfield code="c">2021-06-21 14:47:36 US/Eastern</subfield></datafield><datafield tag="852" ind1="0" ind2=" "><subfield code="b">BUHR</subfield><subfield code="a">MiU</subfield><subfield code="c">MAIN</subfield><subfield code="h">DA 948.3 .E2 A3</subfield><subfield code="8">22914414310006381</subfield></datafield><datafield tag="866" ind1="4" ind2="0"><subfield code="a">(v.1-2)</subfield><subfield code="8">22914414310006381</subfield></datafield><datafield tag="852" ind1=" " ind2=" "><subfield code="b">SDR</subfield><subfield code="a">MiU</subfield><subfield code="c">MIU</subfield><subfield code="8">22914414280006381</subfield></datafield><datafield tag="974" ind1=" " ind2=" "><subfield code="8">22914414310006381</subfield><subfield code="f">1</subfield><subfield code="c">MAIN</subfield><subfield code="m">BOOK</subfield><subfield code="a">39015038693548</subfield><subfield code="i">Buhr A 534845</subfield><subfield code="e">MAIN</subfield><subfield code="u">mdp.39015038693548 pd 20191229 555</subfield><subfield code="7">23914414290006381</subfield><subfield code="z">v.2</subfield><subfield code="p">04</subfield><subfield code="r">1997-10-02 10:59:00</subfield><subfield code="h">DA 948.3 .E2 A3</subfield><subfield code="d">BUHR</subfield><subfield code="b">BUHR</subfield></datafield><datafield tag="974" ind1=" " ind2=" "><subfield code="8">22914414310006381</subfield><subfield code="f">1</subfield><subfield code="c">MAIN</subfield><subfield code="m">BOOK</subfield><subfield code="a">39015038693530</subfield><subfield code="i">Buhr A 534844</subfield><subfield code="e">MAIN</subfield><subfield code="u">mdp.39015038693530 pd 20210205</subfield><subfield code="7">23914414300006381</subfield><subfield code="z">v.1</subfield><subfield code="p">04</subfield><subfield code="r">1990-07-13 10:59:00</subfield><subfield code="h">DA 948.3 .E2 A3</subfield><subfield code="d">BUHR</subfield><subfield code="b">BUHR</subfield></datafield><datafield tag="974" ind1=" " ind2=" "><subfield code="8">22914414280006381</subfield><subfield code="f">0</subfield><subfield code="t">WORK_ORDER_DEPARTMENT</subfield><subfield code="c">MIU</subfield><subfield code="m">BOOK</subfield><subfield code="a">39015067927411</subfield><subfield code="e">MIU</subfield><subfield code="y">Process Status: EO</subfield><subfield code="u">mdp.39015067927411 pd 20210204</subfield><subfield code="7">23914414270006381</subfield><subfield code="z">v.1</subfield><subfield code="p">08</subfield><subfield code="r">2012-12-11 10:59:00</subfield><subfield code="d">SDR</subfield><subfield code="b">SDR</subfield></datafield></record>