<record><leader>     nam a22002651  4500</leader><controlfield tag="005">19891207000000.0</controlfield><controlfield tag="008">891207m19279999xx hb         00000 eng d</controlfield><controlfield tag="001">990017180290106381</controlfield><datafield tag="035" ind1=" " ind2=" "><subfield code="a">(MiU)001718029MIU01</subfield></datafield><datafield tag="010" ind1=" " ind2=" "><subfield code="a">27027412</subfield></datafield><datafield tag="035" ind1=" " ind2=" "><subfield code="a">(CaOTULAS)176657120</subfield></datafield><datafield tag="035" ind1=" " ind2=" "><subfield code="a">(SAZTEC)S00206760</subfield></datafield><datafield tag="035" ind1=" " ind2=" "><subfield code="a">(OCoLC)ocm16746443</subfield><subfield code="0">(uri) http://www.worldcat.org/oclc/16746443</subfield></datafield><datafield tag="040" ind1=" " ind2=" "><subfield code="a">MnU-L</subfield><subfield code="b">eng</subfield><subfield code="c">CaOTULAS</subfield></datafield><datafield tag="041" ind1="1" ind2=" "><subfield code="a">eng</subfield><subfield code="h">und</subfield></datafield><datafield tag="110" ind1="1" ind2=" "><subfield code="a">Mississippi.</subfield><subfield code="b">Department of Archives and History.</subfield><subfield code="0">(uri) http://id.loc.gov/authorities/names/n50080746</subfield><subfield code="0">(uri) http://viaf.org/viaf/sourceID/LC|n50080746</subfield></datafield><datafield tag="245" ind1="1" ind2="0"><subfield code="a">Mississippi provincial archives [1701]- :</subfield><subfield code="b">French dominion /</subfield><subfield code="c">collected, edited, and translated by Dunbar Rowland and A.G. Sanders.</subfield></datafield><datafield tag="260" ind1=" " ind2=" "><subfield code="a">Jackson, Miss. :</subfield><subfield code="b">Press of the Mississippi Department of archives and history,</subfield><subfield code="c">1927-</subfield></datafield><datafield tag="300" ind1=" " ind2=" "><subfield code="a">v. :</subfield><subfield code="b">maps, facsims. ;</subfield><subfield code="c">24 cm.</subfield></datafield><datafield tag="650" ind1=" " ind2="0"><subfield code="a">Archives</subfield><subfield code="z">Mississippi.</subfield><subfield code="0">(uri) http://id.loc.gov/authorities/subjects/sh85006913</subfield></datafield><datafield tag="651" ind1=" " ind2="0"><subfield code="a">Mississippi</subfield><subfield code="x">History</subfield><subfield code="y">To 1803</subfield><subfield code="x">Sources.</subfield><subfield code="0">(uri) http://id.loc.gov/authorities/names/n79138969</subfield><subfield code="0">(uri) http://viaf.org/viaf/sourceID/LC|n79138969</subfield></datafield><datafield tag="651" ind1=" " ind2="0"><subfield code="a">Louisiana</subfield><subfield code="x">History</subfield><subfield code="y">Colonial period</subfield><subfield code="x">Sources.</subfield><subfield code="0">(uri) http://id.loc.gov/authorities/names/n79138970</subfield><subfield code="0">(uri) http://viaf.org/viaf/sourceID/LC|n79138970</subfield></datafield><datafield tag="700" ind1="1" ind2=" "><subfield code="a">Rowland, Dunbar,</subfield><subfield code="d">1864-1937.</subfield><subfield code="0">(uri) http://id.loc.gov/authorities/names/n50022318</subfield><subfield code="0">(uri) http://viaf.org/viaf/sourceID/LC|n50022318</subfield></datafield><datafield tag="700" ind1="1" ind2=" "><subfield code="a">Sanders, A. G.</subfield><subfield code="q">(Albert Godfrey),</subfield><subfield code="d">1885-</subfield><subfield code="0">(uri) http://id.loc.gov/authorities/names/n82117050</subfield><subfield code="0">(uri) http://viaf.org/viaf/sourceID/LC|n82117050</subfield></datafield><datafield tag="998" ind1=" " ind2=" "><subfield code="c">UTL</subfield><subfield code="s">9662</subfield></datafield><datafield tag="958" ind1=" " ind2=" "><subfield code="a">MiU</subfield></datafield><datafield tag="959" ind1=" " ind2=" "><subfield code="a">(notis)ULAHJ1670</subfield></datafield><datafield tag="995" ind1=" " ind2=" "><subfield code="a">20</subfield></datafield><datafield tag="BIB" ind1=" " ind2=" "><subfield code="u">2021-08-21 04:35:58 US/Eastern</subfield><subfield code="c">2021-06-21 14:47:00 US/Eastern</subfield></datafield><datafield tag="852" ind1="0" ind2=" "><subfield code="b">BUHR</subfield><subfield code="a">MiU</subfield><subfield code="c">MAIN</subfield><subfield code="h">F 341 .A4</subfield><subfield code="8">22914193860006381</subfield></datafield><datafield tag="866" ind1="3" ind2="2"><subfield code="a">1-3</subfield><subfield code="8">22914193860006381</subfield></datafield><datafield tag="866" ind1="3" ind2="2"><subfield code="a">1701-1743</subfield><subfield code="8">22914193860006381</subfield></datafield><datafield tag="974" ind1=" " ind2=" "><subfield code="8">22914193860006381</subfield><subfield code="f">1</subfield><subfield code="c">MAIN</subfield><subfield code="m">BOOK</subfield><subfield code="a">39015014550936</subfield><subfield code="i">Buhr B 847156</subfield><subfield code="e">MAIN</subfield><subfield code="u">mdp.39015014550936 ic 20200921</subfield><subfield code="7">23914193830006381</subfield><subfield code="z">v.1</subfield><subfield code="p">01</subfield><subfield code="r">1990-02-19 10:59:00</subfield><subfield code="h">F 341 .A4</subfield><subfield code="d">BUHR</subfield><subfield code="b">BUHR</subfield></datafield><datafield tag="974" ind1=" " ind2=" "><subfield code="8">22914193860006381</subfield><subfield code="f">1</subfield><subfield code="c">MAIN</subfield><subfield code="m">BOOK</subfield><subfield code="a">39015014550928</subfield><subfield code="i">Buhr B 847157</subfield><subfield code="e">MAIN</subfield><subfield code="u">mdp.39015014550928 ic 20191127</subfield><subfield code="7">23914193810006381</subfield><subfield code="z">v.2</subfield><subfield code="p">01</subfield><subfield code="r">1990-02-19 10:59:00</subfield><subfield code="h">F 341 .A4</subfield><subfield code="d">BUHR</subfield><subfield code="b">BUHR</subfield></datafield><datafield tag="974" ind1=" " ind2=" "><subfield code="8">22914193860006381</subfield><subfield code="f">1</subfield><subfield code="c">MAIN</subfield><subfield code="m">BOOK</subfield><subfield code="a">39015027786022</subfield><subfield code="i">Buhr B 847158</subfield><subfield code="e">MAIN</subfield><subfield code="u">mdp.39015027786022 ic 20191128</subfield><subfield code="7">23914193800006381</subfield><subfield code="z">v.3</subfield><subfield code="p">01</subfield><subfield code="r">1993-08-12 10:59:00</subfield><subfield code="h">F 341 .A4</subfield><subfield code="d">BUHR</subfield><subfield code="b">BUHR</subfield></datafield></record>