<record><leader>     nam a22002891a 4500</leader><controlfield tag="005">20000317000000.0</controlfield><controlfield tag="008">880718s1985    fr       b    00110 fre d</controlfield><controlfield tag="001">990003758190106381</controlfield><datafield tag="035" ind1=" " ind2=" "><subfield code="a">(MiU)000375819MIU01</subfield></datafield><datafield tag="020" ind1=" " ind2=" "><subfield code="a">2204024171</subfield><subfield code="0">(uri) http://www.isbnsearch.org/isbn/2204024171</subfield></datafield><datafield tag="035" ind1=" " ind2=" "><subfield code="a">(RLIN)MIUG86-B919</subfield></datafield><datafield tag="035" ind1=" " ind2=" "><subfield code="a">(CaOTULAS)160115035</subfield></datafield><datafield tag="035" ind1=" " ind2=" "><subfield code="a">(OCoLC)ocm13903119</subfield><subfield code="0">(uri) http://www.worldcat.org/oclc/13903119</subfield></datafield><datafield tag="040" ind1=" " ind2=" "><subfield code="a">NBiSU</subfield><subfield code="c">NBiSU</subfield></datafield><datafield tag="041" ind1="1" ind2=" "><subfield code="a">frelat</subfield><subfield code="h">lat</subfield></datafield><datafield tag="100" ind1="0" ind2=" "><subfield code="a">Tertullian,</subfield><subfield code="d">approximately 160-approximately 230.</subfield><subfield code="0">(uri) http://id.loc.gov/authorities/names/n79091867</subfield><subfield code="0">(uri) http://viaf.org/viaf/sourceID/LC|n79091867</subfield></datafield><datafield tag="245" ind1="1" ind2="0"><subfield code="a">Exhortation a la chasteté /</subfield><subfield code="c">Tertullien ; introduction, texte critique et commentaire par Claudio Moreschini; traduction par Jean-Claude Fredouille.</subfield></datafield><datafield tag="260" ind1=" " ind2=" "><subfield code="a">Paris:</subfield><subfield code="b">Éditions du Cerf,</subfield><subfield code="c">1985.</subfield></datafield><datafield tag="300" ind1=" " ind2=" "><subfield code="a">214 p. ;</subfield><subfield code="c">20 cm.</subfield></datafield><datafield tag="490" ind1="1" ind2=" "><subfield code="a">Sources chrétiennes.</subfield><subfield code="v">319</subfield><subfield code="x">07501978 ;</subfield></datafield><datafield tag="500" ind1=" " ind2=" "><subfield code="a">Includes indexes.</subfield></datafield><datafield tag="504" ind1=" " ind2=" "><subfield code="a">Bibliography: p. [61]-64.</subfield></datafield><datafield tag="650" ind1=" " ind2="0"><subfield code="a">Chastity</subfield><subfield code="0">(uri) http://id.loc.gov/authorities/subjects/sh85022733</subfield></datafield><datafield tag="650" ind1=" " ind2="0"><subfield code="a">Marriage</subfield><subfield code="x">Religious aspects</subfield><subfield code="x">Catholic Church</subfield><subfield code="v">Early works to 1800.</subfield><subfield code="0">(uri) http://id.loc.gov/authorities/subjects/sh85081416</subfield></datafield><datafield tag="700" ind1="1" ind2=" "><subfield code="a">Moreschini, Claudio.</subfield><subfield code="0">(uri) http://id.loc.gov/authorities/names/n80094277</subfield><subfield code="0">(uri) http://viaf.org/viaf/sourceID/LC|n80094277</subfield></datafield><datafield tag="700" ind1="1" ind2=" "><subfield code="a">Fredouille, Jean Claude.</subfield><subfield code="0">(uri) http://id.loc.gov/authorities/names/n81117381</subfield><subfield code="0">(uri) http://viaf.org/viaf/sourceID/LC|n81117381</subfield></datafield><datafield tag="830" ind1=" " ind2="0"><subfield code="a">Sources chrétiennes</subfield><subfield code="x">07501978 ;</subfield><subfield code="v">319</subfield></datafield><datafield tag="998" ind1=" " ind2=" "><subfield code="c">MAC</subfield><subfield code="s">9118</subfield></datafield><datafield tag="958" ind1=" " ind2=" "><subfield code="a">MiU</subfield></datafield><datafield tag="959" ind1=" " ind2=" "><subfield code="a">(notis)ULABQ3712</subfield></datafield><datafield tag="995" ind1=" " ind2=" "><subfield code="a">20</subfield></datafield><datafield tag="BIB" ind1=" " ind2=" "><subfield code="u">2021-08-21 04:35:20 US/Eastern</subfield><subfield code="c">2021-06-21 14:47:32 US/Eastern</subfield></datafield><datafield tag="852" ind1="0" ind2=" "><subfield code="b">BUHR</subfield><subfield code="a">MiU</subfield><subfield code="c">MAIN</subfield><subfield code="h">BV4647.C5 T4611 1985</subfield><subfield code="8">22914406540006381</subfield></datafield><datafield tag="974" ind1=" " ind2=" "><subfield code="8">22914406540006381</subfield><subfield code="f">1</subfield><subfield code="c">MAIN</subfield><subfield code="m">BOOK</subfield><subfield code="a">39015048478070</subfield><subfield code="i">Buhr B 1230727</subfield><subfield code="e">MAIN</subfield><subfield code="u">mdp.39015048478070 ic 20200624</subfield><subfield code="7">23914406530006381</subfield><subfield code="p">01</subfield><subfield code="r">2000-03-21 10:59:00</subfield><subfield code="h">BV4647.C5 T4611 1985</subfield><subfield code="d">BUHR</subfield><subfield code="b">BUHR</subfield></datafield></record>