<record><leader>     nam a22001931  4500</leader><controlfield tag="005">19880718000000.0</controlfield><controlfield tag="008">880718s1984    sz ||||||||| |||||||fre|d</controlfield><controlfield tag="001">990004543100106381</controlfield><datafield tag="035" ind1=" " ind2=" "><subfield code="a">(MiU)000454310MIU01</subfield></datafield><datafield tag="035" ind1=" " ind2=" "><subfield code="a">(RLIN)MIUG85-B32986</subfield></datafield><datafield tag="035" ind1=" " ind2=" "><subfield code="a">(CaOTULAS)160306052</subfield></datafield><datafield tag="035" ind1=" " ind2=" "><subfield code="a">(OCoLC)ocm13559394</subfield><subfield code="0">(uri) http://www.worldcat.org/oclc/13559394</subfield></datafield><datafield tag="040" ind1=" " ind2=" "><subfield code="a">MiU</subfield><subfield code="c">MiU</subfield></datafield><datafield tag="100" ind1="1" ind2=" "><subfield code="a">Décote, Georges.</subfield><subfield code="0">(uri) http://id.loc.gov/authorities/names/n82156874</subfield><subfield code="0">(uri) http://viaf.org/viaf/sourceID/LC|n82156874</subfield></datafield><datafield tag="245" ind1="1" ind2="2"><subfield code="a">L'itinéraire de Jaques Cazotte (1719-1792) :</subfield><subfield code="b">de la fiction littéraire au mysticisme politique.</subfield></datafield><datafield tag="260" ind1=" " ind2=" "><subfield code="a">Genève :</subfield><subfield code="b">Droz,</subfield><subfield code="c">1984.</subfield></datafield><datafield tag="490" ind1="0" ind2=" "><subfield code="a">Histoire des idées et critique littéraire ;</subfield><subfield code="v">v, 224</subfield></datafield><datafield tag="600" ind1="1" ind2="0"><subfield code="a">Cazotte, Jacques,</subfield><subfield code="d">1719-1792.</subfield><subfield code="0">(uri) http://id.loc.gov/authorities/names/n50082090</subfield><subfield code="0">(uri) http://viaf.org/viaf/sourceID/LC|n50082090</subfield></datafield><datafield tag="998" ind1=" " ind2=" "><subfield code="c">BRC</subfield><subfield code="s">9994</subfield></datafield><datafield tag="958" ind1=" " ind2=" "><subfield code="a">MiU</subfield></datafield><datafield tag="959" ind1=" " ind2=" "><subfield code="a">(notis)ULABY3478</subfield></datafield><datafield tag="995" ind1=" " ind2=" "><subfield code="a">20</subfield></datafield><datafield tag="BIB" ind1=" " ind2=" "><subfield code="u">2021-08-21 04:35:51 US/Eastern</subfield><subfield code="c">2021-06-21 14:46:41 US/Eastern</subfield></datafield><datafield tag="852" ind1="1" ind2=" "><subfield code="b">BUHR</subfield><subfield code="a">MiU</subfield><subfield code="c">MAIN</subfield><subfield code="h">848 C3923O D29</subfield><subfield code="8">22914126270006381</subfield></datafield><datafield tag="974" ind1=" " ind2=" "><subfield code="8">22914126270006381</subfield><subfield code="f">1</subfield><subfield code="c">MAIN</subfield><subfield code="m">BOOK</subfield><subfield code="a">39015019186769</subfield><subfield code="i">Buhr B 1390066</subfield><subfield code="e">MAIN</subfield><subfield code="u">mdp.39015019186769 ic 20200218</subfield><subfield code="7">23914126240006381</subfield><subfield code="p">01</subfield><subfield code="r">1991-01-25 10:59:00</subfield><subfield code="h">848 C3923O D29</subfield><subfield code="d">BUHR</subfield><subfield code="b">BUHR</subfield></datafield></record>