<record><leader>00000nam a2200265 a 4500</leader><controlfield tag="005">20100514122133.0</controlfield><controlfield tag="008">930429m19631966cc a          000 1 chi d</controlfield><controlfield tag="001">990079345690106381</controlfield><datafield tag="035" ind1=" " ind2=" "><subfield code="a">(MiU)007934569MIU01</subfield></datafield><datafield tag="035" ind1=" " ind2=" "><subfield code="a">(OCoLC)28978071</subfield><subfield code="0">(uri) http://www.worldcat.org/oclc/28978071</subfield></datafield><datafield tag="035" ind1=" " ind2=" "><subfield code="a">(OCoLC)ocm28978071</subfield><subfield code="0">(uri) http://www.worldcat.org/oclc/28978071</subfield></datafield><datafield tag="040" ind1=" " ind2=" "><subfield code="a">DRB</subfield><subfield code="c">DRB</subfield><subfield code="d">OCLCQ</subfield><subfield code="d">HUA</subfield><subfield code="d">OCLCG</subfield><subfield code="d">EYM</subfield></datafield><datafield tag="099" ind1=" " ind2=" "><subfield code="a">PL 2653 .Ci7Y93 T57 1963</subfield></datafield><datafield tag="100" ind1="1" ind2=" "><subfield code="6">880-01</subfield><subfield code="a">Jin, Yong,</subfield><subfield code="d">1924-2018.</subfield><subfield code="0">(uri) http://id.loc.gov/authorities/names/n81014388</subfield><subfield code="0">(uri) http://viaf.org/viaf/sourceID/LC|n81014388</subfield></datafield><datafield tag="245" ind1="1" ind2="0"><subfield code="6">880-02</subfield><subfield code="a">Tian long ba bu /</subfield><subfield code="c">Jin Yong zhu.</subfield></datafield><datafield tag="246" ind1="3" ind2=" "><subfield code="6">880-03</subfield><subfield code="a">Tian long 8 bu</subfield></datafield><datafield tag="260" ind1=" " ind2=" "><subfield code="6">880-04</subfield><subfield code="a">Xianggang :</subfield><subfield code="b">Wu shi chu ban she,</subfield><subfield code="c">1963-1966.</subfield></datafield><datafield tag="300" ind1=" " ind2=" "><subfield code="a">35 v. :</subfield><subfield code="b">ill. ;</subfield><subfield code="c">19 cm.</subfield></datafield><datafield tag="500" ind1=" " ind2=" "><subfield code="a">Fiction.</subfield></datafield><datafield tag="880" ind1="1" ind2=" "><subfield code="6">100-01/</subfield><subfield code="a">金庸,</subfield><subfield code="d">1924-</subfield></datafield><datafield tag="880" ind1="1" ind2="0"><subfield code="6">245-02/</subfield><subfield code="a">天龍八部 /</subfield><subfield code="c">金庸著.</subfield></datafield><datafield tag="880" ind1="3" ind2=" "><subfield code="6">246-03/</subfield><subfield code="a">天龍8部</subfield></datafield><datafield tag="880" ind1=" " ind2=" "><subfield code="6">260-04/</subfield><subfield code="a">香港 :</subfield><subfield code="b">武史出版社,</subfield><subfield code="c">1963-1966</subfield></datafield><datafield tag="997" ind1=" " ind2=" "><subfield code="a">MARS</subfield></datafield><datafield tag="998" ind1=" " ind2=" "><subfield code="c">meiw-asia CopyCat20100514</subfield></datafield><datafield tag="958" ind1=" " ind2=" "><subfield code="a">MiU</subfield></datafield><datafield tag="995" ind1=" " ind2=" "><subfield code="a">20</subfield></datafield><datafield tag="BIB" ind1=" " ind2=" "><subfield code="u">2021-08-21 04:35:47 US/Eastern</subfield><subfield code="c">2021-06-21 14:45:51 US/Eastern</subfield></datafield><datafield tag="852" ind1="0" ind2=" "><subfield code="b">BUHR</subfield><subfield code="a">MiU</subfield><subfield code="c">MAIN</subfield><subfield code="h">PL 2653 .Ci7Y93 T57 1963</subfield><subfield code="8">22913912380006381</subfield></datafield><datafield tag="866" ind1="4" ind2="0"><subfield code="a">(v.1-13,15-22,24-35 1963-)</subfield><subfield code="8">22913912380006381</subfield></datafield><datafield tag="974" ind1=" " ind2=" "><subfield code="8">22913912380006381</subfield><subfield code="f">1</subfield><subfield code="c">MAIN</subfield><subfield code="m">BOOK</subfield><subfield code="a">39015085378217</subfield><subfield code="i">Buhr A 1127393</subfield><subfield code="e">MAIN</subfield><subfield code="u">mdp.39015085378217 ic 20200116</subfield><subfield code="7">23913912190006381</subfield><subfield code="z">v.18</subfield><subfield code="p">01</subfield><subfield code="r">2010-05-14 10:59:00</subfield><subfield code="h">PL 2653 .Ci7Y93 T57 1963</subfield><subfield code="d">BUHR</subfield><subfield code="b">BUHR</subfield></datafield><datafield tag="974" ind1=" " ind2=" "><subfield code="8">22913912380006381</subfield><subfield code="f">1</subfield><subfield code="c">MAIN</subfield><subfield code="m">BOOK</subfield><subfield code="a">39015085378159</subfield><subfield code="i">Buhr A 1127296</subfield><subfield code="e">MAIN</subfield><subfield code="u">mdp.39015085378159 ic 20200116</subfield><subfield code="7">23913912270006381</subfield><subfield code="z">v.11</subfield><subfield code="p">01</subfield><subfield code="r">2010-05-14 10:59:00</subfield><subfield code="h">PL 2653 .Ci7Y93 T57 1963</subfield><subfield code="d">BUHR</subfield><subfield code="b">BUHR</subfield></datafield><datafield tag="974" ind1=" " ind2=" "><subfield code="8">22913912380006381</subfield><subfield code="f">1</subfield><subfield code="c">MAIN</subfield><subfield code="m">BOOK</subfield><subfield code="a">39015085378142</subfield><subfield code="i">Buhr A 1127295</subfield><subfield code="e">MAIN</subfield><subfield code="u">mdp.39015085378142 ic 20200116</subfield><subfield code="7">23913912280006381</subfield><subfield code="z">v.10</subfield><subfield code="p">01</subfield><subfield code="r">2010-05-14 10:59:00</subfield><subfield code="h">PL 2653 .Ci7Y93 T57 1963</subfield><subfield code="d">BUHR</subfield><subfield code="b">BUHR</subfield></datafield><datafield tag="974" ind1=" " ind2=" "><subfield code="8">22913912380006381</subfield><subfield code="f">1</subfield><subfield code="c">MAIN</subfield><subfield code="m">BOOK</subfield><subfield code="a">39015085378084</subfield><subfield code="i">Buhr A 1127289</subfield><subfield code="e">MAIN</subfield><subfield code="u">mdp.39015085378084 ic 20200116</subfield><subfield code="7">23913912340006381</subfield><subfield code="z">v.4</subfield><subfield code="p">01</subfield><subfield code="r">2010-05-14 10:59:00</subfield><subfield code="h">PL 2653 .Ci7Y93 T57 1963</subfield><subfield code="d">BUHR</subfield><subfield code="b">BUHR</subfield></datafield><datafield tag="974" ind1=" " ind2=" "><subfield code="8">22913912380006381</subfield><subfield code="f">1</subfield><subfield code="c">MAIN</subfield><subfield code="m">BOOK</subfield><subfield code="a">39015085378092</subfield><subfield code="i">Buhr A 1127290</subfield><subfield code="e">MAIN</subfield><subfield code="u">mdp.39015085378092 ic 20200116</subfield><subfield code="7">23913912330006381</subfield><subfield code="z">v.5</subfield><subfield code="p">01</subfield><subfield code="r">2010-05-14 10:59:00</subfield><subfield code="h">PL 2653 .Ci7Y93 T57 1963</subfield><subfield code="d">BUHR</subfield><subfield code="b">BUHR</subfield></datafield><datafield tag="974" ind1=" " ind2=" "><subfield code="8">22913912380006381</subfield><subfield code="f">1</subfield><subfield code="c">MAIN</subfield><subfield code="m">BOOK</subfield><subfield code="a">39015085378308</subfield><subfield code="i">Buhr A 1127402</subfield><subfield code="e">MAIN</subfield><subfield code="u">mdp.39015085378308 ic 20200116</subfield><subfield code="7">23913912070006381</subfield><subfield code="z">v.28</subfield><subfield code="p">01</subfield><subfield code="r">2010-05-14 10:59:00</subfield><subfield code="h">PL 2653 .Ci7Y93 T57 1963</subfield><subfield code="d">BUHR</subfield><subfield code="b">BUHR</subfield></datafield><datafield tag="974" ind1=" " ind2=" "><subfield code="8">22913912380006381</subfield><subfield code="f">1</subfield><subfield code="c">MAIN</subfield><subfield code="m">BOOK</subfield><subfield code="a">39015085378290</subfield><subfield code="i">Buhr A 1127401</subfield><subfield code="e">MAIN</subfield><subfield code="u">mdp.39015085378290 ic 20200116</subfield><subfield code="7">23913912090006381</subfield><subfield code="z">v.27</subfield><subfield code="p">01</subfield><subfield code="r">2010-05-14 10:59:00</subfield><subfield code="h">PL 2653 .Ci7Y93 T57 1963</subfield><subfield code="d">BUHR</subfield><subfield code="b">BUHR</subfield></datafield><datafield tag="974" ind1=" " ind2=" "><subfield code="8">22913912380006381</subfield><subfield code="f">1</subfield><subfield code="c">MAIN</subfield><subfield code="m">BOOK</subfield><subfield code="a">39015085378076</subfield><subfield code="i">Buhr A 1127288</subfield><subfield code="e">MAIN</subfield><subfield code="u">mdp.39015085378076 ic 20200116</subfield><subfield code="7">23913912350006381</subfield><subfield code="z">v.3</subfield><subfield code="p">01</subfield><subfield code="r">2010-05-14 10:59:00</subfield><subfield code="h">PL 2653 .Ci7Y93 T57 1963</subfield><subfield code="d">BUHR</subfield><subfield code="b">BUHR</subfield></datafield><datafield tag="974" ind1=" " ind2=" "><subfield code="8">22913912380006381</subfield><subfield code="f">1</subfield><subfield code="c">MAIN</subfield><subfield code="m">BOOK</subfield><subfield code="a">39015085378068</subfield><subfield code="i">Buhr A 1127287</subfield><subfield code="e">MAIN</subfield><subfield code="u">mdp.39015085378068 ic 20200116</subfield><subfield code="7">23913912360006381</subfield><subfield code="z">v.2</subfield><subfield code="p">01</subfield><subfield code="r">2010-05-14 10:59:00</subfield><subfield code="h">PL 2653 .Ci7Y93 T57 1963</subfield><subfield code="d">BUHR</subfield><subfield code="b">BUHR</subfield></datafield><datafield tag="974" ind1=" " ind2=" "><subfield code="8">22913912380006381</subfield><subfield code="f">1</subfield><subfield code="c">MAIN</subfield><subfield code="m">BOOK</subfield><subfield code="a">39015085378050</subfield><subfield code="i">Buhr A 1127286</subfield><subfield code="e">MAIN</subfield><subfield code="u">mdp.39015085378050 ic 20200116</subfield><subfield code="7">23913912370006381</subfield><subfield code="z">v.1</subfield><subfield code="p">01</subfield><subfield code="r">2010-06-08 10:59:00</subfield><subfield code="h">PL 2653 .Ci7Y93 T57 1963</subfield><subfield code="d">BUHR</subfield><subfield code="b">BUHR</subfield></datafield><datafield tag="974" ind1=" " ind2=" "><subfield code="8">22913912380006381</subfield><subfield code="f">1</subfield><subfield code="c">MAIN</subfield><subfield code="m">BOOK</subfield><subfield code="a">39015085378365</subfield><subfield code="i">Buhr A 1127408</subfield><subfield code="e">MAIN</subfield><subfield code="u">mdp.39015085378365 ic 20200116</subfield><subfield code="7">23913912000006381</subfield><subfield code="z">v.34</subfield><subfield code="p">01</subfield><subfield code="r">2010-05-14 10:59:00</subfield><subfield code="h">PL 2653 .Ci7Y93 T57 1963</subfield><subfield code="d">BUHR</subfield><subfield code="b">BUHR</subfield></datafield><datafield tag="974" ind1=" " ind2=" "><subfield code="8">22913912380006381</subfield><subfield code="f">1</subfield><subfield code="c">MAIN</subfield><subfield code="m">BOOK</subfield><subfield code="a">39015085378332</subfield><subfield code="i">Buhr A 1127405</subfield><subfield code="e">MAIN</subfield><subfield code="u">mdp.39015085378332 ic 20200116</subfield><subfield code="7">23913912030006381</subfield><subfield code="z">v.31</subfield><subfield code="p">01</subfield><subfield code="r">2010-05-14 10:59:00</subfield><subfield code="h">PL 2653 .Ci7Y93 T57 1963</subfield><subfield code="d">BUHR</subfield><subfield code="b">BUHR</subfield></datafield><datafield tag="974" ind1=" " ind2=" "><subfield code="8">22913912380006381</subfield><subfield code="f">1</subfield><subfield code="c">MAIN</subfield><subfield code="m">BOOK</subfield><subfield code="a">39015085378209</subfield><subfield code="i">Buhr A 1127392</subfield><subfield code="e">MAIN</subfield><subfield code="u">mdp.39015085378209 ic 20200116</subfield><subfield code="7">23913912200006381</subfield><subfield code="z">v.17</subfield><subfield code="p">01</subfield><subfield code="r">2010-05-14 10:59:00</subfield><subfield code="h">PL 2653 .Ci7Y93 T57 1963</subfield><subfield code="d">BUHR</subfield><subfield code="b">BUHR</subfield></datafield><datafield tag="974" ind1=" " ind2=" "><subfield code="8">22913912380006381</subfield><subfield code="f">1</subfield><subfield code="c">MAIN</subfield><subfield code="m">BOOK</subfield><subfield code="a">39015085378282</subfield><subfield code="i">Buhr A 1127400</subfield><subfield code="e">MAIN</subfield><subfield code="u">mdp.39015085378282 ic 20200116</subfield><subfield code="7">23913912110006381</subfield><subfield code="z">v.26</subfield><subfield code="p">01</subfield><subfield code="r">2010-05-14 10:59:00</subfield><subfield code="h">PL 2653 .Ci7Y93 T57 1963</subfield><subfield code="d">BUHR</subfield><subfield code="b">BUHR</subfield></datafield><datafield tag="974" ind1=" " ind2=" "><subfield code="8">22913912380006381</subfield><subfield code="f">1</subfield><subfield code="c">MAIN</subfield><subfield code="m">BOOK</subfield><subfield code="a">39015085378274</subfield><subfield code="i">Buhr A 1127399</subfield><subfield code="e">MAIN</subfield><subfield code="u">mdp.39015085378274 ic 20200116</subfield><subfield code="7">23913912120006381</subfield><subfield code="z">v.25</subfield><subfield code="p">01</subfield><subfield code="r">2010-05-14 10:59:00</subfield><subfield code="h">PL 2653 .Ci7Y93 T57 1963</subfield><subfield code="d">BUHR</subfield><subfield code="b">BUHR</subfield></datafield><datafield tag="974" ind1=" " ind2=" "><subfield code="8">22913912380006381</subfield><subfield code="f">1</subfield><subfield code="c">MAIN</subfield><subfield code="m">BOOK</subfield><subfield code="a">39015085378266</subfield><subfield code="i">Buhr A 1127398</subfield><subfield code="e">MAIN</subfield><subfield code="u">mdp.39015085378266 ic 20200116</subfield><subfield code="7">23913912130006381</subfield><subfield code="z">v.24</subfield><subfield code="p">01</subfield><subfield code="r">2010-05-14 10:59:00</subfield><subfield code="h">PL 2653 .Ci7Y93 T57 1963</subfield><subfield code="d">BUHR</subfield><subfield code="b">BUHR</subfield></datafield><datafield tag="974" ind1=" " ind2=" "><subfield code="8">22913912380006381</subfield><subfield code="f">1</subfield><subfield code="c">MAIN</subfield><subfield code="m">BOOK</subfield><subfield code="a">39015085378357</subfield><subfield code="i">Buhr A 1127407</subfield><subfield code="e">MAIN</subfield><subfield code="u">mdp.39015085378357 ic 20200116</subfield><subfield code="7">23913912010006381</subfield><subfield code="z">v.33</subfield><subfield code="p">01</subfield><subfield code="r">2010-05-14 10:59:00</subfield><subfield code="h">PL 2653 .Ci7Y93 T57 1963</subfield><subfield code="d">BUHR</subfield><subfield code="b">BUHR</subfield></datafield><datafield tag="974" ind1=" " ind2=" "><subfield code="8">22913912380006381</subfield><subfield code="f">1</subfield><subfield code="c">MAIN</subfield><subfield code="m">BOOK</subfield><subfield code="a">39015085378126</subfield><subfield code="i">Buhr A 1127293</subfield><subfield code="e">MAIN</subfield><subfield code="u">mdp.39015085378126 ic 20200116</subfield><subfield code="7">23913912300006381</subfield><subfield code="z">v.8</subfield><subfield code="p">01</subfield><subfield code="r">2010-05-14 10:59:00</subfield><subfield code="h">PL 2653 .Ci7Y93 T57 1963</subfield><subfield code="d">BUHR</subfield><subfield code="b">BUHR</subfield></datafield><datafield tag="974" ind1=" " ind2=" "><subfield code="8">22913912380006381</subfield><subfield code="f">1</subfield><subfield code="c">MAIN</subfield><subfield code="m">BOOK</subfield><subfield code="a">39015085378340</subfield><subfield code="i">Buhr A 1127406</subfield><subfield code="e">MAIN</subfield><subfield code="u">mdp.39015085378340 ic 20200116</subfield><subfield code="7">23913912020006381</subfield><subfield code="z">v.32</subfield><subfield code="p">01</subfield><subfield code="r">2010-05-14 10:59:00</subfield><subfield code="h">PL 2653 .Ci7Y93 T57 1963</subfield><subfield code="d">BUHR</subfield><subfield code="b">BUHR</subfield></datafield><datafield tag="974" ind1=" " ind2=" "><subfield code="8">22913912380006381</subfield><subfield code="f">1</subfield><subfield code="c">MAIN</subfield><subfield code="m">BOOK</subfield><subfield code="a">39015085378324</subfield><subfield code="i">Buhr A 1127404</subfield><subfield code="e">MAIN</subfield><subfield code="u">mdp.39015085378324 ic 20200116</subfield><subfield code="7">23913912040006381</subfield><subfield code="z">v.30</subfield><subfield code="p">01</subfield><subfield code="r">2010-05-14 10:59:00</subfield><subfield code="h">PL 2653 .Ci7Y93 T57 1963</subfield><subfield code="d">BUHR</subfield><subfield code="b">BUHR</subfield></datafield><datafield tag="974" ind1=" " ind2=" "><subfield code="8">22913912380006381</subfield><subfield code="f">1</subfield><subfield code="c">MAIN</subfield><subfield code="m">BOOK</subfield><subfield code="a">39015085378316</subfield><subfield code="i">Buhr A 1127403</subfield><subfield code="e">MAIN</subfield><subfield code="u">mdp.39015085378316 ic 20200116</subfield><subfield code="7">23913912060006381</subfield><subfield code="z">v.29</subfield><subfield code="p">01</subfield><subfield code="r">2010-05-14 10:59:00</subfield><subfield code="h">PL 2653 .Ci7Y93 T57 1963</subfield><subfield code="d">BUHR</subfield><subfield code="b">BUHR</subfield></datafield><datafield tag="974" ind1=" " ind2=" "><subfield code="8">22913912380006381</subfield><subfield code="f">1</subfield><subfield code="c">MAIN</subfield><subfield code="m">BOOK</subfield><subfield code="a">39015085378118</subfield><subfield code="i">Buhr A 1127292</subfield><subfield code="e">MAIN</subfield><subfield code="u">mdp.39015085378118 ic 20200116</subfield><subfield code="7">23913912310006381</subfield><subfield code="z">v.7</subfield><subfield code="p">01</subfield><subfield code="r">2010-05-14 10:59:00</subfield><subfield code="h">PL 2653 .Ci7Y93 T57 1963</subfield><subfield code="d">BUHR</subfield><subfield code="b">BUHR</subfield></datafield><datafield tag="974" ind1=" " ind2=" "><subfield code="8">22913912380006381</subfield><subfield code="f">1</subfield><subfield code="c">MAIN</subfield><subfield code="m">BOOK</subfield><subfield code="a">39015085378241</subfield><subfield code="i">Buhr A 1127396</subfield><subfield code="e">MAIN</subfield><subfield code="u">mdp.39015085378241 ic 20200116</subfield><subfield code="7">23913912150006381</subfield><subfield code="z">v.21</subfield><subfield code="p">01</subfield><subfield code="r">2010-05-14 10:59:00</subfield><subfield code="h">PL 2653 .Ci7Y93 T57 1963</subfield><subfield code="d">BUHR</subfield><subfield code="b">BUHR</subfield></datafield><datafield tag="974" ind1=" " ind2=" "><subfield code="8">22913912380006381</subfield><subfield code="f">1</subfield><subfield code="c">MAIN</subfield><subfield code="m">BOOK</subfield><subfield code="a">39015085378100</subfield><subfield code="i">Buhr A 1127291</subfield><subfield code="e">MAIN</subfield><subfield code="u">mdp.39015085378100 ic 20200116</subfield><subfield code="7">23913912320006381</subfield><subfield code="z">v.6</subfield><subfield code="p">01</subfield><subfield code="r">2010-05-14 10:59:00</subfield><subfield code="h">PL 2653 .Ci7Y93 T57 1963</subfield><subfield code="d">BUHR</subfield><subfield code="b">BUHR</subfield></datafield><datafield tag="974" ind1=" " ind2=" "><subfield code="8">22913912380006381</subfield><subfield code="f">1</subfield><subfield code="c">MAIN</subfield><subfield code="m">BOOK</subfield><subfield code="a">39015085378191</subfield><subfield code="i">Buhr A 1127391</subfield><subfield code="e">MAIN</subfield><subfield code="u">mdp.39015085378191 ic 20200116</subfield><subfield code="7">23913912230006381</subfield><subfield code="z">v.16</subfield><subfield code="p">01</subfield><subfield code="r">2010-05-14 10:59:00</subfield><subfield code="h">PL 2653 .Ci7Y93 T57 1963</subfield><subfield code="d">BUHR</subfield><subfield code="b">BUHR</subfield></datafield><datafield tag="974" ind1=" " ind2=" "><subfield code="8">22913912380006381</subfield><subfield code="f">1</subfield><subfield code="c">MAIN</subfield><subfield code="m">BOOK</subfield><subfield code="a">39015085378183</subfield><subfield code="i">Buhr A 1127390</subfield><subfield code="e">MAIN</subfield><subfield code="u">mdp.39015085378183 ic 20200116</subfield><subfield code="7">23913912240006381</subfield><subfield code="z">v.15</subfield><subfield code="p">01</subfield><subfield code="r">2010-05-14 10:59:00</subfield><subfield code="h">PL 2653 .Ci7Y93 T57 1963</subfield><subfield code="d">BUHR</subfield><subfield code="b">BUHR</subfield></datafield><datafield tag="974" ind1=" " ind2=" "><subfield code="8">22913912380006381</subfield><subfield code="f">1</subfield><subfield code="c">MAIN</subfield><subfield code="m">BOOK</subfield><subfield code="a">39015085378258</subfield><subfield code="i">Buhr A 1127397</subfield><subfield code="e">MAIN</subfield><subfield code="u">mdp.39015085378258 ic 20200116</subfield><subfield code="7">23913912140006381</subfield><subfield code="z">v.22</subfield><subfield code="p">01</subfield><subfield code="r">2010-05-14 10:59:00</subfield><subfield code="h">PL 2653 .Ci7Y93 T57 1963</subfield><subfield code="d">BUHR</subfield><subfield code="b">BUHR</subfield></datafield><datafield tag="974" ind1=" " ind2=" "><subfield code="8">22913912380006381</subfield><subfield code="f">1</subfield><subfield code="c">MAIN</subfield><subfield code="m">BOOK</subfield><subfield code="a">39015085378233</subfield><subfield code="i">Buhr A 1127395</subfield><subfield code="e">MAIN</subfield><subfield code="u">mdp.39015085378233 ic 20200116</subfield><subfield code="7">23913912160006381</subfield><subfield code="z">v.20</subfield><subfield code="p">01</subfield><subfield code="r">2010-05-14 10:59:00</subfield><subfield code="h">PL 2653 .Ci7Y93 T57 1963</subfield><subfield code="d">BUHR</subfield><subfield code="b">BUHR</subfield></datafield><datafield tag="974" ind1=" " ind2=" "><subfield code="8">22913912380006381</subfield><subfield code="f">1</subfield><subfield code="c">MAIN</subfield><subfield code="m">BOOK</subfield><subfield code="a">39015085378225</subfield><subfield code="i">Buhr A 1127394</subfield><subfield code="e">MAIN</subfield><subfield code="u">mdp.39015085378225 ic 20200116</subfield><subfield code="7">23913912170006381</subfield><subfield code="z">v.19</subfield><subfield code="p">01</subfield><subfield code="r">2010-05-14 10:59:00</subfield><subfield code="h">PL 2653 .Ci7Y93 T57 1963</subfield><subfield code="d">BUHR</subfield><subfield code="b">BUHR</subfield></datafield><datafield tag="974" ind1=" " ind2=" "><subfield code="8">22913912380006381</subfield><subfield code="f">1</subfield><subfield code="c">MAIN</subfield><subfield code="m">BOOK</subfield><subfield code="a">39015085378134</subfield><subfield code="i">Buhr A 1127294</subfield><subfield code="e">MAIN</subfield><subfield code="u">mdp.39015085378134 ic 20200116</subfield><subfield code="7">23913912290006381</subfield><subfield code="z">v.9</subfield><subfield code="p">01</subfield><subfield code="r">2010-05-14 10:59:00</subfield><subfield code="h">PL 2653 .Ci7Y93 T57 1963</subfield><subfield code="d">BUHR</subfield><subfield code="b">BUHR</subfield></datafield><datafield tag="974" ind1=" " ind2=" "><subfield code="8">22913912380006381</subfield><subfield code="f">1</subfield><subfield code="c">MAIN</subfield><subfield code="m">BOOK</subfield><subfield code="a">39015085378175</subfield><subfield code="i">Buhr A 1127389</subfield><subfield code="e">MAIN</subfield><subfield code="u">mdp.39015085378175 ic 20200116</subfield><subfield code="7">23913912250006381</subfield><subfield code="z">v.13</subfield><subfield code="p">01</subfield><subfield code="r">2010-05-14 10:59:00</subfield><subfield code="h">PL 2653 .Ci7Y93 T57 1963</subfield><subfield code="d">BUHR</subfield><subfield code="b">BUHR</subfield></datafield><datafield tag="974" ind1=" " ind2=" "><subfield code="8">22913912380006381</subfield><subfield code="f">1</subfield><subfield code="c">MAIN</subfield><subfield code="m">BOOK</subfield><subfield code="a">39015085378167</subfield><subfield code="i">Buhr A 1127297</subfield><subfield code="e">MAIN</subfield><subfield code="u">mdp.39015085378167 ic 20200116</subfield><subfield code="7">23913912260006381</subfield><subfield code="z">v.12</subfield><subfield code="p">01</subfield><subfield code="r">2010-05-14 10:59:00</subfield><subfield code="h">PL 2653 .Ci7Y93 T57 1963</subfield><subfield code="d">BUHR</subfield><subfield code="b">BUHR</subfield></datafield><datafield tag="974" ind1=" " ind2=" "><subfield code="8">22913912380006381</subfield><subfield code="f">1</subfield><subfield code="c">MAIN</subfield><subfield code="m">BOOK</subfield><subfield code="a">39015085378373</subfield><subfield code="i">Buhr A 1127409</subfield><subfield code="e">MAIN</subfield><subfield code="u">mdp.39015085378373 ic 20200116</subfield><subfield code="7">23913911990006381</subfield><subfield code="z">v.35</subfield><subfield code="p">01</subfield><subfield code="r">2010-05-14 10:59:00</subfield><subfield code="h">PL 2653 .Ci7Y93 T57 1963</subfield><subfield code="d">BUHR</subfield><subfield code="b">BUHR</subfield></datafield></record>