<record><leader>     nam a22002051  4500</leader><controlfield tag="005">19880718000000.0</controlfield><controlfield tag="008">880718s1926    nyua          00010beng d</controlfield><controlfield tag="001">990004549430106381</controlfield><datafield tag="035" ind1=" " ind2=" "><subfield code="a">(MiU)000454943MIU01</subfield></datafield><datafield tag="035" ind1=" " ind2=" "><subfield code="a">(RLIN)MIUG85-B33640</subfield></datafield><datafield tag="035" ind1=" " ind2=" "><subfield code="a">(CaOTULAS)160306700</subfield></datafield><datafield tag="035" ind1=" " ind2=" "><subfield code="a">(OCoLC)ocm07036626</subfield><subfield code="0">(uri) http://www.worldcat.org/oclc/07036626</subfield></datafield><datafield tag="040" ind1=" " ind2=" "><subfield code="a">*RETROCON/NYGG (ZYU)*</subfield><subfield code="d">CStRLIN</subfield><subfield code="d">MiU</subfield></datafield><datafield tag="100" ind1="1" ind2=" "><subfield code="a">Oliphant,</subfield><subfield code="c">Mrs.</subfield><subfield code="q">(Margaret),</subfield><subfield code="d">1828-1897.</subfield><subfield code="0">(uri) http://id.loc.gov/authorities/names/n50048460</subfield><subfield code="0">(uri) http://viaf.org/viaf/sourceID/LC|n50048460</subfield></datafield><datafield tag="245" ind1="0" ind2="0"><subfield code="a">Jeanne d'Arc:</subfield><subfield code="b">her life and death,</subfield><subfield code="c">by Mrs. Oliphant.</subfield></datafield><datafield tag="260" ind1=" " ind2=" "><subfield code="a">Garden City, N. Y.,</subfield><subfield code="b">Garden City publishing company,</subfield><subfield code="c">1926.</subfield></datafield><datafield tag="300" ind1=" " ind2=" "><subfield code="a">viii, p., 1 l., 417 p.</subfield><subfield code="b">front.</subfield><subfield code="c">21 cm.</subfield></datafield><datafield tag="600" ind1="0" ind2="0"><subfield code="a">Joan,</subfield><subfield code="c">of Arc, Saint,</subfield><subfield code="d">1412-1431.</subfield><subfield code="0">(uri) http://id.loc.gov/authorities/names/n79033041</subfield><subfield code="0">(uri) http://viaf.org/viaf/sourceID/LC|n79033041</subfield></datafield><datafield tag="651" ind1=" " ind2="0"><subfield code="a">France</subfield><subfield code="x">History</subfield><subfield code="0">(uri) http://id.loc.gov/authorities/subjects/sh85051256</subfield></datafield><datafield tag="998" ind1=" " ind2=" "><subfield code="c">RS</subfield><subfield code="s">9125</subfield></datafield><datafield tag="958" ind1=" " ind2=" "><subfield code="a">MiU</subfield></datafield><datafield tag="959" ind1=" " ind2=" "><subfield code="a">(notis)ULABY4125</subfield></datafield><datafield tag="995" ind1=" " ind2=" "><subfield code="a">20</subfield></datafield><datafield tag="BIB" ind1=" " ind2=" "><subfield code="u">2021-08-21 04:35:25 US/Eastern</subfield><subfield code="c">2021-06-21 14:46:50 US/Eastern</subfield></datafield><datafield tag="852" ind1="0" ind2=" "><subfield code="b">BUHR</subfield><subfield code="a">MiU</subfield><subfield code="c">MAIN</subfield><subfield code="h">DC103 .O47 1926</subfield><subfield code="8">22914151450006381</subfield></datafield><datafield tag="974" ind1=" " ind2=" "><subfield code="8">22914151450006381</subfield><subfield code="f">1</subfield><subfield code="c">MAIN</subfield><subfield code="m">BOOK</subfield><subfield code="a">39015058451017</subfield><subfield code="i">Buhr A 1802867</subfield><subfield code="e">MAIN</subfield><subfield code="u">mdp.39015058451017 pd 20200514</subfield><subfield code="7">23914151440006381</subfield><subfield code="p">01</subfield><subfield code="r">2004-06-25 10:59:00</subfield><subfield code="h">DC103 .O47 1926</subfield><subfield code="d">BUHR</subfield><subfield code="b">BUHR</subfield></datafield></record>