<record><leader>     nam a22002411i 4500</leader><controlfield tag="005">19880718000000.0</controlfield><controlfield tag="008">880718s1976    xx            00000 eng d</controlfield><controlfield tag="001">990007345830106381</controlfield><datafield tag="035" ind1=" " ind2=" "><subfield code="a">(MiU)000734583MIU01</subfield></datafield><datafield tag="020" ind1=" " ind2=" "><subfield code="a">0915188064</subfield><subfield code="0">(uri) http://www.isbnsearch.org/isbn/0915188064</subfield></datafield><datafield tag="035" ind1=" " ind2=" "><subfield code="a">(RLIN)MIUG2384991-B</subfield></datafield><datafield tag="035" ind1=" " ind2=" "><subfield code="a">(CaOTULAS)159920433</subfield></datafield><datafield tag="035" ind1=" " ind2=" "><subfield code="a">(OCoLC)ocm02384991</subfield><subfield code="0">(uri) http://www.worldcat.org/oclc/02384991</subfield></datafield><datafield tag="040" ind1=" " ind2=" "><subfield code="a">OU</subfield><subfield code="c">OU</subfield><subfield code="d">MiU</subfield><subfield code="d">CStRLIN</subfield></datafield><datafield tag="100" ind1="1" ind2=" "><subfield code="a">Allen, Paul,</subfield><subfield code="d">1775-1826.</subfield><subfield code="0">(uri) http://id.loc.gov/authorities/names/n85017752</subfield><subfield code="0">(uri) http://viaf.org/viaf/sourceID/LC|n85017752</subfield></datafield><datafield tag="245" ind1="1" ind2="4"><subfield code="a">The late Charles Brockden Brown /</subfield><subfield code="c">Paul Allen ; Edited, with an introduction by Robert E. Hemenway and Joseph Katz.</subfield></datafield><datafield tag="250" ind1=" " ind2=" "><subfield code="a">1st ed.</subfield></datafield><datafield tag="260" ind1=" " ind2=" "><subfield code="a">Columbia, S.C. :</subfield><subfield code="b">J. Faust,</subfield><subfield code="c">1976.</subfield></datafield><datafield tag="300" ind1=" " ind2=" "><subfield code="a">lx, 396 p. :</subfield><subfield code="b">ports. ;</subfield><subfield code="c">24 cm.</subfield></datafield><datafield tag="490" ind1="0" ind2=" "><subfield code="a">Resources series, no.1</subfield></datafield><datafield tag="600" ind1="1" ind2="0"><subfield code="a">Brown, Charles Brockden,</subfield><subfield code="d">1771-1810.</subfield><subfield code="0">(uri) http://id.loc.gov/authorities/names/n79141381</subfield><subfield code="0">(uri) http://viaf.org/viaf/sourceID/LC|n79141381</subfield></datafield><datafield tag="650" ind1=" " ind2="0"><subfield code="a">Novelists, American</subfield><subfield code="y">19th century</subfield><subfield code="v">Biography.</subfield><subfield code="0">(uri) http://id.loc.gov/authorities/subjects/sh2008108452</subfield></datafield><datafield tag="998" ind1=" " ind2=" "><subfield code="s">9665</subfield></datafield><datafield tag="958" ind1=" " ind2=" "><subfield code="a">MiU</subfield></datafield><datafield tag="959" ind1=" " ind2=" "><subfield code="a">(notis)ULADC9185</subfield></datafield><datafield tag="995" ind1=" " ind2=" "><subfield code="a">20</subfield></datafield><datafield tag="BIB" ind1=" " ind2=" "><subfield code="u">2021-08-21 04:35:29 US/Eastern</subfield><subfield code="c">2021-06-21 14:52:36 US/Eastern</subfield></datafield><datafield tag="852" ind1="1" ind2=" "><subfield code="b">BUHR</subfield><subfield code="a">MiU</subfield><subfield code="c">MAIN</subfield><subfield code="h">828 B8774O A43La</subfield><subfield code="8">22915700950006381</subfield></datafield><datafield tag="974" ind1=" " ind2=" "><subfield code="8">22915700950006381</subfield><subfield code="f">1</subfield><subfield code="c">MAIN</subfield><subfield code="m">BOOK</subfield><subfield code="a">39015015399143</subfield><subfield code="i">Buhr C 578874</subfield><subfield code="e">MAIN</subfield><subfield code="u">mdp.39015015399143 ic 20201230</subfield><subfield code="7">23915700920006381</subfield><subfield code="p">01</subfield><subfield code="r">1990-02-05 10:59:00</subfield><subfield code="h">828 B8774O A43La</subfield><subfield code="d">BUHR</subfield><subfield code="b">BUHR</subfield></datafield></record>