<record><leader>00000cam a22003854a 4500</leader><controlfield tag="005">20080402104543.0</controlfield><controlfield tag="008">070419s2007    ctuab    be   001 0 eng  </controlfield><controlfield tag="001">990055998100106381</controlfield><datafield tag="035" ind1=" " ind2=" "><subfield code="a">(MiU)005599810MIU01</subfield></datafield><datafield tag="010" ind1=" " ind2=" "><subfield code="a">2007016156</subfield></datafield><datafield tag="015" ind1=" " ind2=" "><subfield code="a">GBA740972</subfield><subfield code="2">bnb</subfield></datafield><datafield tag="016" ind1="7" ind2=" "><subfield code="a">013755781</subfield><subfield code="2">Uk</subfield></datafield><datafield tag="019" ind1=" " ind2=" "><subfield code="a">137313023</subfield></datafield><datafield tag="020" ind1=" " ind2=" "><subfield code="a">9780313334801</subfield><subfield code="q">(alk. paper)</subfield><subfield code="0">(uri) http://www.isbnsearch.org/isbn/9780313334801</subfield></datafield><datafield tag="020" ind1=" " ind2=" "><subfield code="a">0313334803</subfield><subfield code="q">(alk. paper)</subfield><subfield code="0">(uri) http://www.isbnsearch.org/isbn/0313334803</subfield></datafield><datafield tag="035" ind1=" " ind2=" "><subfield code="a">(OCoLC)ocn123766969</subfield><subfield code="0">(uri) http://www.worldcat.org/oclc/123766969</subfield></datafield><datafield tag="035" ind1=" " ind2=" "><subfield code="a">(OCoLC)123766969</subfield><subfield code="z">(OCoLC)137313023</subfield><subfield code="0">(uri) http://www.worldcat.org/oclc/123766969</subfield><subfield code="0">(uri) http://www.worldcat.org/oclc/137313023</subfield></datafield><datafield tag="040" ind1=" " ind2=" "><subfield code="a">DLC</subfield><subfield code="c">DLC</subfield><subfield code="d">BAKER</subfield><subfield code="d">BTCTA</subfield><subfield code="d">C#P</subfield><subfield code="d">YDXCP</subfield><subfield code="d">UKM</subfield></datafield><datafield tag="043" ind1=" " ind2=" "><subfield code="a">f------</subfield><subfield code="a">n-us---</subfield></datafield><datafield tag="050" ind1="0" ind2="0"><subfield code="a">HT1322</subfield><subfield code="b">.E63 2007</subfield></datafield><datafield tag="082" ind1="0" ind2="0"><subfield code="a">306.3/6209603</subfield><subfield code="2">22</subfield></datafield><datafield tag="245" ind1="0" ind2="0"><subfield code="a">Encyclopedia of the middle passage /</subfield><subfield code="c">edited by Toyin Falola and Amanda Warnock.</subfield></datafield><datafield tag="246" ind1="3" ind2=" "><subfield code="i">Order title:</subfield><subfield code="a">Encyclopedia of the middle passage : Greenwood milestones in African American history /</subfield></datafield><datafield tag="260" ind1=" " ind2=" "><subfield code="a">Westport, Conn. :</subfield><subfield code="b">Greenwood Press,</subfield><subfield code="c">2007.</subfield></datafield><datafield tag="300" ind1=" " ind2=" "><subfield code="a">xxxv, 426 p. :</subfield><subfield code="b">ill., maps ;</subfield><subfield code="c">27 cm.</subfield></datafield><datafield tag="490" ind1=" " ind2=" "><subfield code="a">Greenwood milestones in African American history</subfield></datafield><datafield tag="504" ind1=" " ind2=" "><subfield code="a">Includes bibliographical references (p. [411]-415) and index.</subfield></datafield><datafield tag="650" ind1=" " ind2="0"><subfield code="a">Slave trade</subfield><subfield code="z">Africa</subfield><subfield code="x">History</subfield><subfield code="v">Encyclopedias.</subfield><subfield code="0">(uri) http://id.loc.gov/authorities/subjects/sh85123311</subfield></datafield><datafield tag="650" ind1=" " ind2="0"><subfield code="a">Slave trade</subfield><subfield code="z">United States</subfield><subfield code="x">History</subfield><subfield code="v">Encyclopedias.</subfield><subfield code="0">(uri) http://id.loc.gov/authorities/subjects/sh85123311</subfield></datafield><datafield tag="650" ind1=" " ind2="0"><subfield code="a">Slave trade</subfield><subfield code="z">Atlantic Ocean</subfield><subfield code="x">History</subfield><subfield code="v">Encyclopedias.</subfield><subfield code="0">(uri) http://id.loc.gov/authorities/subjects/sh85123311</subfield></datafield><datafield tag="650" ind1=" " ind2="0"><subfield code="a">African Americans</subfield><subfield code="x">History</subfield><subfield code="v">Encyclopedias.</subfield><subfield code="0">(uri) http://id.loc.gov/authorities/subjects/sh85001932</subfield></datafield><datafield tag="700" ind1="1" ind2=" "><subfield code="a">Falola, Toyin.</subfield><subfield code="0">(uri) http://id.loc.gov/authorities/names/n84135529</subfield><subfield code="0">(uri) http://viaf.org/viaf/sourceID/LC|n84135529</subfield></datafield><datafield tag="700" ind1="1" ind2=" "><subfield code="a">Warnock, Amanda.</subfield><subfield code="0">(uri) http://id.loc.gov/authorities/names/n2007027523</subfield><subfield code="0">(uri) http://viaf.org/viaf/sourceID/LC|n2007027523</subfield></datafield><datafield tag="856" ind1="4" ind2="1"><subfield code="x">Table of contents only</subfield><subfield code="x">http://www.loc.gov/catdir/toc/ecip0716/2007016156.html</subfield></datafield><datafield tag="997" ind1=" " ind2=" "><subfield code="a">MARS</subfield></datafield><datafield tag="998" ind1=" " ind2=" "><subfield code="c">bosede-monorec CopyCat20071017</subfield></datafield><datafield tag="998" ind1=" " ind2=" "><subfield code="c">zoverlay 20080326</subfield></datafield><datafield tag="958" ind1=" " ind2=" "><subfield code="a">MiU</subfield></datafield><datafield tag="995" ind1=" " ind2=" "><subfield code="a">20</subfield></datafield><datafield tag="BIB" ind1=" " ind2=" "><subfield code="u">2021-08-21 04:35:42 US/Eastern</subfield><subfield code="c">2021-06-21 14:45:23 US/Eastern</subfield></datafield><datafield tag="852" ind1="0" ind2=" "><subfield code="b">HATCH</subfield><subfield code="a">MiU</subfield><subfield code="c">GRAD</subfield><subfield code="h">HT 1322 .E63 2007</subfield><subfield code="8">22913829270006381</subfield></datafield><datafield tag="974" ind1=" " ind2=" "><subfield code="8">22913829270006381</subfield><subfield code="f">1</subfield><subfield code="c">GRAD</subfield><subfield code="m">BOOK</subfield><subfield code="a">39015070752483</subfield><subfield code="e">GRAD</subfield><subfield code="7">23913829260006381</subfield><subfield code="p">01</subfield><subfield code="r">2007-09-18 10:59:00</subfield><subfield code="h">HT 1322 .E63 2007</subfield><subfield code="d">HATCH</subfield><subfield code="b">HATCH</subfield></datafield></record>