<record><leader>     nam a22002531u 4500</leader><controlfield tag="005">19890208000000.0</controlfield><controlfield tag="008">890208s1969    fr            00000bfre d</controlfield><controlfield tag="001">990009592470106381</controlfield><datafield tag="035" ind1=" " ind2=" "><subfield code="a">(MiU)000959247MIU01</subfield></datafield><datafield tag="010" ind1=" " ind2=" "><subfield code="a">73509497</subfield></datafield><datafield tag="035" ind1=" " ind2=" "><subfield code="a">(CaOTULAS)175987408</subfield></datafield><datafield tag="035" ind1=" " ind2=" "><subfield code="a">(SAZTEC)054403800</subfield></datafield><datafield tag="035" ind1=" " ind2=" "><subfield code="a">(OCoLC)ocm01611122</subfield><subfield code="0">(uri) http://www.worldcat.org/oclc/01611122</subfield></datafield><datafield tag="040" ind1=" " ind2=" "><subfield code="c">CarP</subfield></datafield><datafield tag="043" ind1=" " ind2=" "><subfield code="a">e-fr---</subfield></datafield><datafield tag="050" ind1="0" ind2=" "><subfield code="a">HJ1083</subfield><subfield code="b">.M45</subfield></datafield><datafield tag="100" ind1="1" ind2=" "><subfield code="a">Menais, G.-P.</subfield><subfield code="q">(Georges-Paul)</subfield><subfield code="0">(uri) http://id.loc.gov/authorities/names/no93031554</subfield><subfield code="0">(uri) http://viaf.org/viaf/sourceID/LC|no93031554</subfield></datafield><datafield tag="245" ind1="1" ind2="0"><subfield code="a">Napoléon et l'argent</subfield></datafield><datafield tag="260" ind1=" " ind2=" "><subfield code="a">Paris,</subfield><subfield code="b">Éditions de l'Épargne,</subfield><subfield code="c">1969.</subfield></datafield><datafield tag="300" ind1=" " ind2=" "><subfield code="a">220 p.</subfield><subfield code="c">18 cm.</subfield></datafield><datafield tag="600" ind1="0" ind2="0"><subfield code="a">Napoleon</subfield><subfield code="b">I,</subfield><subfield code="c">Emperor of the French,</subfield><subfield code="d">1769-1821.</subfield><subfield code="0">(uri) http://id.loc.gov/authorities/names/n79054933</subfield><subfield code="0">(uri) http://viaf.org/viaf/sourceID/LC|n79054933</subfield></datafield><datafield tag="650" ind1=" " ind2="0"><subfield code="a">Finance, Public</subfield><subfield code="z">France</subfield><subfield code="x">History.</subfield><subfield code="0">(uri) http://id.loc.gov/authorities/subjects/sh2002005329</subfield></datafield><datafield tag="650" ind1=" " ind2="0"><subfield code="a">Finance</subfield><subfield code="z">France</subfield><subfield code="x">History.</subfield><subfield code="0">(uri) http://id.loc.gov/authorities/subjects/sh2008120477</subfield></datafield><datafield tag="998" ind1=" " ind2=" "><subfield code="c">UTL</subfield><subfield code="s">9662</subfield></datafield><datafield tag="958" ind1=" " ind2=" "><subfield code="a">MiU</subfield></datafield><datafield tag="959" ind1=" " ind2=" "><subfield code="a">(notis)ULAEB7540</subfield></datafield><datafield tag="995" ind1=" " ind2=" "><subfield code="a">20</subfield></datafield><datafield tag="BIB" ind1=" " ind2=" "><subfield code="u">2021-08-21 04:35:47 US/Eastern</subfield><subfield code="c">2021-06-21 14:52:32 US/Eastern</subfield></datafield><datafield tag="852" ind1="0" ind2=" "><subfield code="b">HATCH</subfield><subfield code="a">MiU</subfield><subfield code="c">GRAD</subfield><subfield code="h">HJ 1083 .M54</subfield><subfield code="8">22915682340006381</subfield></datafield><datafield tag="974" ind1=" " ind2=" "><subfield code="8">22915682340006381</subfield><subfield code="f">1</subfield><subfield code="c">GRAD</subfield><subfield code="m">BOOK</subfield><subfield code="a">39015019233025</subfield><subfield code="e">GRAD</subfield><subfield code="u">mdp.39015019233025 ic 20190729</subfield><subfield code="7">23915682320006381</subfield><subfield code="p">01</subfield><subfield code="r">1991-08-05 10:59:00</subfield><subfield code="h">HJ 1083 .M54</subfield><subfield code="d">HATCH</subfield><subfield code="b">HATCH</subfield></datafield></record>