<record><leader>00000nam a22005773u 4500</leader><controlfield tag="005">20080207000000.0</controlfield><controlfield tag="006">m||||||||d|f||||||</controlfield><controlfield tag="007">cr||| ||||||||</controlfield><controlfield tag="008">120910s1989    dcu     ot   f0|||||eng|d</controlfield><controlfield tag="001">990119646080106381</controlfield><datafield tag="035" ind1=" " ind2=" "><subfield code="a">(MiU)011964608MIU01</subfield></datafield><datafield tag="035" ind1=" " ind2=" "><subfield code="a">(TOE)ost 6160892</subfield></datafield><datafield tag="040" ind1=" " ind2=" "><subfield code="a">TOE</subfield><subfield code="c">TOE</subfield><subfield code="d">MiU</subfield></datafield><datafield tag="086" ind1="0" ind2=" "><subfield code="a">E 1.99:doe/er/13796-9</subfield></datafield><datafield tag="088" ind1=" " ind2=" "><subfield code="a">doe/er/13796-9</subfield></datafield><datafield tag="245" ind1="0" ind2="0"><subfield code="a">SEISPLN</subfield><subfield code="h">[electronic resource]</subfield><subfield code="b">Reference manual for the SEISPLN earthquake analysis package on the DEC MicroVAX II</subfield></datafield><datafield tag="260" ind1=" " ind2=" "><subfield code="a">Washington, D.C. :</subfield><subfield code="b">United States. Dept. of Defense ;</subfield><subfield code="a">Oak Ridge, Tenn. :</subfield><subfield code="b">distributed by the Office of Scientific and Technical Information, U.S. Dept. of Energy,</subfield><subfield code="c">1989</subfield></datafield><datafield tag="300" ind1=" " ind2=" "><subfield code="a">Pages: (14 p) :</subfield><subfield code="b">digital, PDF file.</subfield></datafield><datafield tag="500" ind1=" " ind2=" "><subfield code="a">Published through the Information Bridge: DOE Scientific and Technical Information.</subfield></datafield><datafield tag="500" ind1=" " ind2=" "><subfield code="a">01/01/1989.</subfield></datafield><datafield tag="500" ind1=" " ind2=" "><subfield code="a">"doe/er/13796-9"</subfield></datafield><datafield tag="500" ind1=" " ind2=" "><subfield code="a">"DE92003438"</subfield></datafield><datafield tag="500" ind1=" " ind2=" "><subfield code="a">Rieken, E.</subfield></datafield><datafield tag="520" ind1="3" ind2=" "><subfield code="a">The SEISPLN package generates statistically significant fault surfaces for subsets of an earthquake database. The parameters used are up to the discretion of the user, but the package is based primarily on the geometric relationships of the foci locations and the location errors of the foci. The technique employed to locate subsets of foci which are considered to be subplanar concentrations of foci is as follows: First, a three dimensional grid system is created with elongated cells which will ultimately count the number of foci per cell for every possible strike and dip orientation of the grid system. A table is output which gives the number of foci per cell for every strike orientation. There is a corresponding table for each frequency table which calculates the relative change in frequency between neighboring cells. These tables bring out the relative concentrations of foci regardless of how many foci are in the cell. This is a significant benefit compared to the Fehler, Lutz, and Michelinni and Bolt techniques, which tend to wash out low frequency foci concentrations. Second, the user can run the next program to pull out subsets of the foci which are considered to be good picks'' from the frequency tables. Third, the next program will take the subset of foci and find the best fit surface using a multiple linear regression technique. The calculated surface can be planar (first order), arcuate (second order), or of very complex surface geometry (third order). Finally, the last program plots all the foci, along with the foci pick, surface fit, and fault trace, in a stereographic projection which can be rotated and multipulated in an almost infinite variety of ways. 11 figs.</subfield></datafield><datafield tag="536" ind1=" " ind2=" "><subfield code="b">FG06-87ER13796</subfield></datafield><datafield tag="650" ind1=" " ind2="4"><subfield code="a">Earthquakes.</subfield></datafield><datafield tag="650" ind1=" " ind2="4"><subfield code="a">Mathematics.</subfield></datafield><datafield tag="650" ind1=" " ind2="4"><subfield code="a">Mapping.</subfield></datafield><datafield tag="650" ind1=" " ind2="4"><subfield code="a">Geologic Faults.</subfield></datafield><datafield tag="650" ind1=" " ind2="4"><subfield code="a">Statistics.</subfield></datafield><datafield tag="650" ind1=" " ind2="4"><subfield code="a">Topography.</subfield></datafield><datafield tag="650" ind1=" " ind2="4"><subfield code="a">Geologic Fractures.</subfield></datafield><datafield tag="650" ind1=" " ind2="4"><subfield code="a">Geologic Structures.</subfield></datafield><datafield tag="650" ind1=" " ind2="4"><subfield code="a">Detection.</subfield></datafield><datafield tag="650" ind1=" " ind2="4"><subfield code="a">Three-dimensional Calculations.</subfield></datafield><datafield tag="650" ind1=" " ind2="4"><subfield code="a">S Codes.</subfield></datafield><datafield tag="650" ind1=" " ind2="4"><subfield code="a">Computer Codes.</subfield></datafield><datafield tag="650" ind1=" " ind2="4"><subfield code="a">Regression Analysis.</subfield></datafield><datafield tag="650" ind1=" " ind2="4"><subfield code="a">Seismic Events.</subfield></datafield><datafield tag="650" ind1=" " ind2="4"><subfield code="a">Computer Graphics.</subfield></datafield><datafield tag="650" ind1=" " ind2="4"><subfield code="a">Geosciences.</subfield><subfield code="2">edbsc</subfield></datafield><datafield tag="650" ind1=" " ind2="4"><subfield code="a">General And Miscellaneous//mathematics, Computing, And Information Science.</subfield><subfield code="2">edbsc</subfield></datafield><datafield tag="710" ind1="2" ind2=" "><subfield code="a">Washington State University.</subfield><subfield code="4">res</subfield><subfield code="0">(uri) http://id.loc.gov/authorities/names/n79060423</subfield><subfield code="0">(uri) http://viaf.org/viaf/sourceID/LC|n79060423</subfield></datafield><datafield tag="710" ind1="1" ind2=" "><subfield code="a">United States.</subfield><subfield code="b">Department of Defense</subfield><subfield code="4">spn</subfield><subfield code="0">(uri) http://id.loc.gov/authorities/names/n79021946</subfield><subfield code="0">(uri) http://viaf.org/viaf/sourceID/LC|n79021946</subfield></datafield><datafield tag="710" ind1="1" ind2=" "><subfield code="a">United States.</subfield><subfield code="b">Department of Energy</subfield><subfield code="4">spn</subfield><subfield code="0">(uri) http://id.loc.gov/authorities/names/n78034868</subfield><subfield code="0">(uri) http://viaf.org/viaf/sourceID/LC|n78034868</subfield></datafield><datafield tag="710" ind1="1" ind2=" "><subfield code="a">United States.</subfield><subfield code="b">Department of Energy.</subfield><subfield code="b">Richland Operations Office</subfield><subfield code="4">res</subfield><subfield code="0">(uri) http://id.loc.gov/authorities/names/n80114036</subfield><subfield code="0">(uri) http://viaf.org/viaf/sourceID/LC|n80114036</subfield></datafield><datafield tag="710" ind1="1" ind2=" "><subfield code="a">United States.</subfield><subfield code="b">Department of Energy.</subfield><subfield code="b">Office of Scientific and Technical Information</subfield><subfield code="4">dst</subfield><subfield code="0">(uri) http://id.loc.gov/authorities/names/n84003987</subfield><subfield code="0">(uri) http://viaf.org/viaf/sourceID/LC|n84003987</subfield></datafield><datafield tag="720" ind1="1" ind2=" "><subfield code="a">Rieken, E.</subfield><subfield code="4">aut</subfield></datafield><datafield tag="856" ind1="4" ind2="0"><subfield code="z">Access to the OSTI online version:</subfield><subfield code="u">http://www.osti.gov/servlets/purl/6160892/</subfield><subfield code="m">OSTI</subfield></datafield><datafield tag="998" ind1=" " ind2=" "><subfield code="c">osti-dld ERLoad20121019</subfield></datafield><datafield tag="958" ind1=" " ind2=" "><subfield code="a">MiU</subfield></datafield><datafield tag="969" ind1="8" ind2="8"><subfield code="a">incoming 001</subfield><subfield code="b">OST6160892</subfield><subfield code="c">incoming 003</subfield><subfield code="d">TOE</subfield><subfield code="e">osti_12g</subfield></datafield><datafield tag="995" ind1=" " ind2=" "><subfield code="a">15</subfield></datafield><datafield tag="BIB" ind1=" " ind2=" "><subfield code="u">2021-08-21 04:36:11 US/Eastern</subfield><subfield code="c">2021-06-21 05:14:55 US/Eastern</subfield></datafield><datafield tag="E56" ind1=" " ind2=" "><subfield code="m">OSTI</subfield><subfield code="l">ELEC</subfield><subfield code="t">static</subfield><subfield code="u">https://na04.alma.exlibrisgroup.com/view/uresolver/01UMICH_INST/openurl?u.ignore_date_coverage=true&amp;portfolio_pid=531010948210006381&amp;Force_direct=true</subfield><subfield code="v">https://umich.alma.exlibrisgroup.com/view/uresolver/01UMICH_INST/openurl?&amp;rfr_id=info:sid/primo.exlibrisgroup.com&amp;svc_dat=CTO?u.ignore_date_coverage=true?u.ignore_date_coverage=true&amp;rft.mms_id=990119646080106381</subfield><subfield code="z">Access to the OSTI online version:</subfield><subfield code="q">true</subfield><subfield code="s">Available</subfield><subfield code="8">531010948210006381</subfield></datafield></record>