<record><leader>00000nam a2200349 a 4500</leader><controlfield tag="005">20110503152355.0</controlfield><controlfield tag="006">m        d f      </controlfield><controlfield tag="007">cr bn|||||||||</controlfield><controlfield tag="008">110503s1979    dcua    ob   f000 0 eng c</controlfield><controlfield tag="001">990100172440106381</controlfield><datafield tag="035" ind1=" " ind2=" "><subfield code="a">(MiU)010017244MIU01</subfield></datafield><datafield tag="035" ind1=" " ind2=" "><subfield code="a">(OCoLC)ocn719614440</subfield><subfield code="0">(uri) http://www.worldcat.org/oclc/719614440</subfield></datafield><datafield tag="040" ind1=" " ind2=" "><subfield code="a">GPO</subfield><subfield code="c">GPO</subfield><subfield code="d">MvI</subfield></datafield><datafield tag="042" ind1=" " ind2=" "><subfield code="a">pcc</subfield></datafield><datafield tag="043" ind1=" " ind2=" "><subfield code="a">n-us-wa</subfield></datafield><datafield tag="049" ind1=" " ind2=" "><subfield code="a">EY2L</subfield></datafield><datafield tag="074" ind1=" " ind2=" "><subfield code="a">0102-A (online)</subfield></datafield><datafield tag="086" ind1="0" ind2=" "><subfield code="a">A 57.38:P 61/5</subfield></datafield><datafield tag="100" ind1="1" ind2=" "><subfield code="a">Zulauf, Allen S.</subfield><subfield code="0">(uri) http://id.loc.gov/authorities/names/n79067213</subfield><subfield code="0">(uri) http://viaf.org/viaf/sourceID/LC|n79067213</subfield></datafield><datafield tag="245" ind1="1" ind2="0"><subfield code="a">Soil survey of Pierce County area, Washington</subfield><subfield code="h">[electronic resource] /</subfield><subfield code="c">[by Allen S. Zulauf] ; United States Department of Agriculture, Soil Conservation Service, in cooperation with Washington Agricultural Experiment Station.</subfield></datafield><datafield tag="260" ind1=" " ind2=" "><subfield code="a">[Washington, D.C.] :</subfield><subfield code="b">U.S. Dept. of Agriculture, Soil Conservation Service,</subfield><subfield code="c">[1979]</subfield></datafield><datafield tag="300" ind1=" " ind2=" "><subfield code="a">1 online resource ([78] p.) :</subfield><subfield code="b">ill.</subfield></datafield><datafield tag="500" ind1=" " ind2=" "><subfield code="a">Online version lacks original tables and maps.</subfield></datafield><datafield tag="500" ind1=" " ind2=" "><subfield code="a">"Issued February 1979"--P. [1].</subfield></datafield><datafield tag="504" ind1=" " ind2=" "><subfield code="a">Includes bibliographical references (p. [64]).</subfield></datafield><datafield tag="538" ind1=" " ind2=" "><subfield code="a">Mode of access: Internet</subfield></datafield><datafield tag="588" ind1=" " ind2=" "><subfield code="a">Description based on print version record.</subfield></datafield><datafield tag="650" ind1=" " ind2="0"><subfield code="a">Soils</subfield><subfield code="z">Washington (State)</subfield><subfield code="z">Pierce County</subfield><subfield code="v">Maps.</subfield><subfield code="0">(uri) http://id.loc.gov/authorities/subjects/sh85124396</subfield></datafield><datafield tag="650" ind1=" " ind2="0"><subfield code="a">Soil surveys</subfield><subfield code="z">Washington (State)</subfield><subfield code="z">Pierce County.</subfield><subfield code="0">(uri) http://id.loc.gov/authorities/subjects/sh85124390</subfield></datafield><datafield tag="710" ind1="1" ind2=" "><subfield code="a">United States.</subfield><subfield code="b">Soil Conservation Service.</subfield><subfield code="0">(uri) http://id.loc.gov/authorities/names/n78085479</subfield><subfield code="0">(uri) http://viaf.org/viaf/sourceID/LC|n78085479</subfield></datafield><datafield tag="710" ind1="2" ind2=" "><subfield code="a">Washington Agricultural Experiment Station.</subfield><subfield code="0">(uri) http://id.loc.gov/authorities/names/n79060422</subfield><subfield code="0">(uri) http://viaf.org/viaf/sourceID/LC|n79060422</subfield></datafield><datafield tag="776" ind1="0" ind2="8"><subfield code="a">Zulauf, Allen S.</subfield><subfield code="i">Print version:</subfield><subfield code="t">Soil survey of Pierce County area, Washington</subfield><subfield code="w">(DLC) 79601990</subfield><subfield code="w">(OCoLC)5352816</subfield></datafield><datafield tag="856" ind1="4" ind2="0"><subfield code="u">http://purl.fdlp.gov/GPO/LPS106027</subfield></datafield><datafield tag="997" ind1=" " ind2=" "><subfield code="a">MARS</subfield></datafield><datafield tag="958" ind1=" " ind2=" "><subfield code="a">MiU</subfield></datafield><datafield tag="995" ind1=" " ind2=" "><subfield code="a">20</subfield></datafield><datafield tag="BIB" ind1=" " ind2=" "><subfield code="u">2021-08-21 04:35:46 US/Eastern</subfield><subfield code="c">2021-06-21 07:17:08 US/Eastern</subfield></datafield><datafield tag="E56" ind1=" " ind2=" "><subfield code="l">ELEC</subfield><subfield code="t">static</subfield><subfield code="u">https://na04.alma.exlibrisgroup.com/view/uresolver/01UMICH_INST/openurl?u.ignore_date_coverage=true&amp;portfolio_pid=531010450610006381&amp;Force_direct=true</subfield><subfield code="v">https://umich.alma.exlibrisgroup.com/view/uresolver/01UMICH_INST/openurl?&amp;rfr_id=info:sid/primo.exlibrisgroup.com&amp;svc_dat=CTO?u.ignore_date_coverage=true?u.ignore_date_coverage=true&amp;rft.mms_id=990100172440106381</subfield><subfield code="q">true</subfield><subfield code="s">Available</subfield><subfield code="8">531010450610006381</subfield></datafield></record>