<record><leader>     nam a2200421 i 4500</leader><controlfield tag="006">m     o  d |      </controlfield><controlfield tag="007">cr cnu||||||||</controlfield><controlfield tag="008">190304s2019    ne      o     000 0 eng d</controlfield><controlfield tag="001">990177782320106381</controlfield><datafield tag="035" ind1=" " ind2=" "><subfield code="a">(MiU)017778232MIU01</subfield></datafield><datafield tag="020" ind1=" " ind2=" "><subfield code="a">9789004343665</subfield><subfield code="0">(uri) http://www.isbnsearch.org/isbn/9789004343665</subfield></datafield><datafield tag="020" ind1=" " ind2=" "><subfield code="a">9789004392915</subfield><subfield code="q">(Proquest Ebook Central)</subfield></datafield><datafield tag="035" ind1=" " ind2=" "><subfield code="a">(MiAaPQ)EBC5683613</subfield></datafield><datafield tag="035" ind1=" " ind2=" "><subfield code="a">(OCoLC)1084631715</subfield><subfield code="0">(uri) http://www.worldcat.org/oclc/1084631715</subfield></datafield><datafield tag="035" ind1=" " ind2=" "><subfield code="a">(coutts)cts23714580</subfield></datafield><datafield tag="035" ind1=" " ind2=" "><subfield code="a">(MiAaPQ)ebcentowned EBC5683613</subfield></datafield><datafield tag="037" ind1=" " ind2=" "><subfield code="a">5683613</subfield><subfield code="b">Proquest Ebook Central</subfield></datafield><datafield tag="040" ind1=" " ind2=" "><subfield code="a">CaONFJC</subfield><subfield code="e">rda</subfield><subfield code="c">CaONFJC</subfield></datafield><datafield tag="043" ind1=" " ind2=" "><subfield code="a">e------</subfield></datafield><datafield tag="050" ind1=" " ind2="4"><subfield code="a">BX808.5.E85</subfield><subfield code="b">.C667 2019</subfield></datafield><datafield tag="082" ind1="0" ind2=" "><subfield code="a">267.0940902</subfield><subfield code="2">23</subfield></datafield><datafield tag="245" ind1="0" ind2="2"><subfield code="a">A companion to medieval and early modern confraternities /</subfield><subfield code="c">edited by Konrad Eisenbichler.</subfield></datafield><datafield tag="264" ind1=" " ind2="1"><subfield code="a">Leiden ;</subfield><subfield code="a">Boston :</subfield><subfield code="b">Brill,</subfield><subfield code="c">[2019]</subfield></datafield><datafield tag="264" ind1=" " ind2="4"><subfield code="c">©2019</subfield></datafield><datafield tag="300" ind1=" " ind2=" "><subfield code="a">1 online resource (491 pages).</subfield></datafield><datafield tag="336" ind1=" " ind2=" "><subfield code="a">text</subfield><subfield code="b">txt</subfield><subfield code="2">rdacontent</subfield></datafield><datafield tag="337" ind1=" " ind2=" "><subfield code="a">computer</subfield><subfield code="b">c</subfield><subfield code="2">rdamedia</subfield></datafield><datafield tag="338" ind1=" " ind2=" "><subfield code="a">online resource</subfield><subfield code="b">cr</subfield><subfield code="2">rdacarrier</subfield></datafield><datafield tag="490" ind1="0" ind2=" "><subfield code="a">Brill's Companions to the Christian Tradition ;</subfield><subfield code="v">Volume 83</subfield></datafield><datafield tag="588" ind1=" " ind2=" "><subfield code="a">Description based on print version record.</subfield></datafield><datafield tag="650" ind1=" " ind2="0"><subfield code="a">Confraternities</subfield><subfield code="z">Europe</subfield><subfield code="x">History.</subfield><subfield code="0">(uri) http://id.loc.gov/authorities/subjects/sh85031064</subfield></datafield><datafield tag="730" ind1="0" ind2=" "><subfield code="a">Ebook Central.</subfield></datafield><datafield tag="700" ind1="1" ind2=" "><subfield code="a">Eisenbichler, Konrad,</subfield><subfield code="e">editor.</subfield><subfield code="0">(uri) http://id.loc.gov/authorities/names/n83064424</subfield><subfield code="0">(uri) http://viaf.org/viaf/sourceID/LC|n83064424</subfield></datafield><datafield tag="776" ind1="0" ind2="8"><subfield code="i">Print version:</subfield><subfield code="t">Companion to medieval and early modern confraternities.</subfield><subfield code="d">Leiden ; Boston : Brill, c2019</subfield><subfield code="h">491 pages</subfield><subfield code="k">Brill's companions to the Christian tradition ; Volume 83.</subfield><subfield code="z">9789004343665</subfield><subfield code="0">(uri) http://www.isbnsearch.org/isbn/9789004343665</subfield></datafield><datafield tag="797" ind1="2" ind2=" "><subfield code="a">ProQuest (Firm)</subfield></datafield><datafield tag="856" ind1="4" ind2="0"><subfield code="z">Access to the Ebook Central online version restricted; authentication may be required:</subfield><subfield code="u">https://ebookcentral.proquest.com/lib/umichigan/detail.action?docID=5683613</subfield><subfield code="m">Ebook Central</subfield></datafield><datafield tag="958" ind1=" " ind2=" "><subfield code="a">MiU</subfield></datafield><datafield tag="958" ind1=" " ind2=" "><subfield code="a">MiFliC</subfield></datafield><datafield tag="937" ind1=" " ind2=" "><subfield code="a">23714580</subfield></datafield><datafield tag="955" ind1="6" ind2=" "><subfield code="a">MiU</subfield><subfield code="b">ELEC</subfield><subfield code="c"></subfield><subfield code="h">See URL for access</subfield><subfield code="z">017778232</subfield></datafield><datafield tag="980" ind1=" " ind2=" "><subfield code="e">222.30</subfield><subfield code="f">23714580</subfield></datafield><datafield tag="995" ind1=" " ind2=" "><subfield code="a">20</subfield></datafield><datafield tag="BIB" ind1=" " ind2=" "><subfield code="u">2021-08-21 04:36:25 US/Eastern</subfield><subfield code="c">2021-06-21 01:47:12 US/Eastern</subfield></datafield><datafield tag="E56" ind1=" " ind2=" "><subfield code="m">Ebook Central</subfield><subfield code="l">ELEC</subfield><subfield code="t">static</subfield><subfield code="u">https://na04.alma.exlibrisgroup.com/view/uresolver/01UMICH_INST/openurl?u.ignore_date_coverage=true&amp;portfolio_pid=531010493440006381&amp;Force_direct=true</subfield><subfield code="v">https://umich.alma.exlibrisgroup.com/view/uresolver/01UMICH_INST/openurl?&amp;rfr_id=info:sid/primo.exlibrisgroup.com&amp;svc_dat=CTO?u.ignore_date_coverage=true?u.ignore_date_coverage=true&amp;rft.mms_id=990177782320106381</subfield><subfield code="z">Access to the Ebook Central online version restricted; authentication may be required:</subfield><subfield code="q">true</subfield><subfield code="s">Available</subfield><subfield code="8">531010493440006381</subfield></datafield></record>