<record><leader>00000nac a2200421 a 4500</leader><controlfield tag="005">20200508121600.0</controlfield><controlfield tag="006">m|||||o|||||||||||</controlfield><controlfield tag="007">cr bn ---uuuuu</controlfield><controlfield tag="008">121224r20131911enk     ow    000 0 eng d</controlfield><controlfield tag="001">990180318700106381</controlfield><datafield tag="035" ind1=" " ind2=" "><subfield code="a">(MiU)018031870MIU01</subfield></datafield><datafield tag="035" ind1=" " ind2=" "><subfield code="a">(OCoLC)841412243</subfield><subfield code="0">(uri) http://www.worldcat.org/oclc/841412243</subfield></datafield><datafield tag="035" ind1=" " ind2=" "><subfield code="a">(Adam Matthew)slavery AC009060</subfield></datafield><datafield tag="040" ind1=" " ind2=" "><subfield code="a">UkMbAM-D</subfield><subfield code="c">UkMbAM-D</subfield><subfield code="d">MiU</subfield></datafield><datafield tag="043" ind1=" " ind2=" "><subfield code="a">n-us-la</subfield></datafield><datafield tag="110" ind1="1" ind2=" "><subfield code="a">Louisiana.</subfield><subfield code="b">Supreme Court</subfield><subfield code="0">http://id.loc.gov/authorities/names/n79141273</subfield><subfield code="1">http://viaf.org/viaf/136034096</subfield><subfield code="0">(uri) http://id.loc.gov/authorities/names/n79141273</subfield><subfield code="0">(uri) http://viaf.org/viaf/sourceID/LC|n79141273</subfield></datafield><datafield tag="240" ind1="1" ind2="0"><subfield code="a">Louisiana term reports.</subfield><subfield code="k">Selections</subfield></datafield><datafield tag="245" ind1="1" ind2="0"><subfield code="a">Louisiana, Supreme Court</subfield><subfield code="h">[electronic resource] :</subfield><subfield code="b">[cases relating to slavery /</subfield><subfield code="c">reported by François-Xavier Martin].</subfield></datafield><datafield tag="246" ind1="1" ind2="6"><subfield code="a">Reports of cases argued and determined in the Supreme Court of the state of Louisiana</subfield></datafield><datafield tag="246" ind1="1" ind2="7"><subfield code="a">Martin's reports (O.S.)</subfield></datafield><datafield tag="246" ind1="1" ind2="7"><subfield code="a">Martin's reports (N.S.)</subfield></datafield><datafield tag="260" ind1=" " ind2=" "><subfield code="a">Marlborough, England :</subfield><subfield code="b">Adam Matthew Digital,</subfield><subfield code="c">c2013.</subfield></datafield><datafield tag="336" ind1=" " ind2=" "><subfield code="a">text</subfield><subfield code="b">txt</subfield><subfield code="2">rdacontent</subfield></datafield><datafield tag="337" ind1=" " ind2=" "><subfield code="a">computer</subfield><subfield code="b">c</subfield><subfield code="2">rdamedia</subfield></datafield><datafield tag="338" ind1=" " ind2=" "><subfield code="a">online resource</subfield><subfield code="b">cr</subfield><subfield code="2">rdacarrier</subfield></datafield><datafield tag="490" ind1="0" ind2=" "><subfield code="a">Slavery, abolition &amp; social justice</subfield></datafield><datafield tag="500" ind1=" " ind2=" "><subfield code="a">Title from publisher's web site.</subfield></datafield><datafield tag="500" ind1=" " ind2=" "><subfield code="a">Electronic reproduction of extracts from: Louisiana term reports, or, Cases argued and determined in the Supreme Court of that state. Annotated ed. St. Paul : West Pub. Co., 1911-1913. 20 v. Originally issued as: Old series (O.S.), v. 3-12; and New series (N.S.), v. 1-8.</subfield></datafield><datafield tag="520" ind1=" " ind2=" "><subfield code="a">Collection of extracts of printed summaries of cases relating to slavery and/or African Americans heard in the Louisiana Supreme Court between 1813 and 1830.</subfield><subfield code="b">Aspects of slavery covered: slavery and agriculture, freedmen, free African Americans, abolition movement, varieties of slave experience, child slaves, master-slave relationships, contested ownership of slaves, sale of slaves, legal rights of slaves, and emancipation.</subfield></datafield><datafield tag="535" ind1="1" ind2=" "><subfield code="a">Earl K. Long Library, University of New Orleans</subfield></datafield><datafield tag="650" ind1=" " ind2="0"><subfield code="a">Law reports, digests, etc.</subfield><subfield code="z">Louisiana.</subfield><subfield code="0">(uri) http://id.loc.gov/authorities/subjects/sh2009129285</subfield></datafield><datafield tag="650" ind1=" " ind2="0"><subfield code="a">Slavery</subfield><subfield code="x">Law and legislation</subfield><subfield code="z">Louisiana</subfield><subfield code="v">Cases.</subfield><subfield code="0">(uri) http://id.loc.gov/authorities/subjects/sh85123314</subfield></datafield><datafield tag="650" ind1=" " ind2="0"><subfield code="a">Freedmen</subfield><subfield code="x">Legal status, laws, etc.</subfield><subfield code="z">Louisiana</subfield><subfield code="v">Cases.</subfield><subfield code="0">(uri) http://id.loc.gov/authorities/subjects/sh85051692</subfield></datafield><datafield tag="650" ind1=" " ind2="0"><subfield code="a">African Americans</subfield><subfield code="x">Legal status, laws, etc.</subfield><subfield code="z">Louisiana</subfield><subfield code="v">Cases.</subfield><subfield code="0">(uri) http://id.loc.gov/authorities/subjects/sh85001932</subfield></datafield><datafield tag="650" ind1=" " ind2="0"><subfield code="a">Equity</subfield><subfield code="z">Louisiana.</subfield><subfield code="0">(uri) http://id.loc.gov/authorities/subjects/sh85044554</subfield></datafield><datafield tag="651" ind1=" " ind2="0"><subfield code="a">Louisiana</subfield><subfield code="v">Trials, litigation, etc.</subfield><subfield code="0">(uri) http://id.loc.gov/authorities/names/n79138970</subfield><subfield code="0">(uri) http://viaf.org/viaf/sourceID/LC|n79138970</subfield></datafield><datafield tag="700" ind1="1" ind2=" "><subfield code="a">Martin, François-Xavier,</subfield><subfield code="d">1762-1846.</subfield><subfield code="0">http://id.loc.gov/authorities/names/n85253087</subfield><subfield code="0">(uri) http://id.loc.gov/authorities/names/n85253087</subfield><subfield code="0">(uri) http://viaf.org/viaf/sourceID/LC|n85253087</subfield></datafield><datafield tag="710" ind1="2" ind2=" "><subfield code="a">Earl K. Long Library</subfield><subfield code="0">http://id.loc.gov/authorities/names/n83170911</subfield><subfield code="1">http://viaf.org/viaf/126709316</subfield><subfield code="0">(uri) http://id.loc.gov/authorities/names/n83170911</subfield><subfield code="0">(uri) http://viaf.org/viaf/sourceID/LC|n83170911</subfield></datafield><datafield tag="710" ind1="2" ind2=" "><subfield code="a">Adam Matthew Digital.</subfield><subfield code="1">http://viaf.org/viaf/156381325</subfield></datafield><datafield tag="730" ind1="0" ind2=" "><subfield code="a">Slavery, abolition and social justice.</subfield></datafield><datafield tag="856" ind1="4" ind2="0"><subfield code="z">Access to the Adam Matthew Digital (Firm) online version restricted; authentication may be required:</subfield><subfield code="u">http://www.slavery.amdigital.co.uk/Contents/Library.aspx?id=20</subfield><subfield code="m">Adam Matthew Digital (Firm)</subfield></datafield><datafield tag="997" ind1=" " ind2=" "><subfield code="a">MARS</subfield></datafield><datafield tag="998" ind1=" " ind2=" "><subfield code="c">slavery-dld ERLoad20200508</subfield></datafield><datafield tag="958" ind1=" " ind2=" "><subfield code="a">MiU</subfield></datafield><datafield tag="958" ind1=" " ind2=" "><subfield code="a">MiFliC</subfield></datafield><datafield tag="969" ind1="8" ind2="8"><subfield code="a">incoming 001</subfield><subfield code="b">AC009060</subfield><subfield code="c">incoming 003</subfield><subfield code="d">no incoming 003</subfield><subfield code="e">slavery_20a</subfield></datafield><datafield tag="980" ind1=" " ind2=" "><subfield code="f">500813813 (FLINT,ELEC)</subfield></datafield><datafield tag="995" ind1=" " ind2=" "><subfield code="a">20</subfield></datafield><datafield tag="BIB" ind1=" " ind2=" "><subfield code="u">2021-08-21 04:35:53 US/Eastern</subfield><subfield code="c">2021-06-21 20:04:02 US/Eastern</subfield></datafield><datafield tag="E56" ind1=" " ind2=" "><subfield code="m">Adam Matthew Digital (Firm)</subfield><subfield code="l">ELEC</subfield><subfield code="t">static</subfield><subfield code="u">https://na04.alma.exlibrisgroup.com/view/uresolver/01UMICH_INST/openurl?u.ignore_date_coverage=true&amp;portfolio_pid=531010496460006381&amp;Force_direct=true</subfield><subfield code="v">https://umich.alma.exlibrisgroup.com/view/uresolver/01UMICH_INST/openurl?&amp;rfr_id=info:sid/primo.exlibrisgroup.com&amp;svc_dat=CTO?u.ignore_date_coverage=true?u.ignore_date_coverage=true&amp;rft.mms_id=990180318700106381</subfield><subfield code="z">Access to the Adam Matthew Digital (Firm) online version restricted; authentication may be required:</subfield><subfield code="q">true</subfield><subfield code="s">Available</subfield><subfield code="8">531010496460006381</subfield></datafield></record>