<record><leader>     cam a2200469 i 4500</leader><controlfield tag="005">20190622043500.0</controlfield><controlfield tag="008">180830t20192019enkaf    b    001 0 eng d</controlfield><controlfield tag="001">990169993070106381</controlfield><datafield tag="035" ind1=" " ind2=" "><subfield code="a">(MiU)016999307MIU01</subfield></datafield><datafield tag="015" ind1=" " ind2=" "><subfield code="a">GBB923956</subfield><subfield code="2">bnb</subfield></datafield><datafield tag="016" ind1="7" ind2=" "><subfield code="a">019243362</subfield><subfield code="2">Uk</subfield></datafield><datafield tag="020" ind1=" " ind2=" "><subfield code="a">9781448217281</subfield><subfield code="0">(uri) http://www.isbnsearch.org/isbn/9781448217281</subfield></datafield><datafield tag="020" ind1=" " ind2=" "><subfield code="a">1448217288</subfield><subfield code="0">(uri) http://www.isbnsearch.org/isbn/1448217288</subfield></datafield><datafield tag="035" ind1=" " ind2=" "><subfield code="a">(OCoLC)1050133434</subfield><subfield code="0">(uri) http://www.worldcat.org/oclc/1050133434</subfield></datafield><datafield tag="035" ind1=" " ind2=" "><subfield code="a">(coutts)cts22636559</subfield></datafield><datafield tag="040" ind1=" " ind2=" "><subfield code="a">YDX</subfield><subfield code="b">eng</subfield><subfield code="e">rda</subfield><subfield code="c">YDX</subfield><subfield code="d">BDX</subfield><subfield code="d">OCLCQ</subfield><subfield code="d">UKMGB</subfield><subfield code="d">ERASA</subfield><subfield code="d">OCLCF</subfield><subfield code="d">CDX</subfield><subfield code="d">CaONFJC</subfield></datafield><datafield tag="043" ind1=" " ind2=" "><subfield code="a">e-uk---</subfield></datafield><datafield tag="050" ind1=" " ind2="4"><subfield code="a">JN1129.L32</subfield><subfield code="b">K64 2019</subfield></datafield><datafield tag="082" ind1="0" ind2="4"><subfield code="a">324.24107</subfield><subfield code="2">23</subfield></datafield><datafield tag="100" ind1="1" ind2=" "><subfield code="a">Kogan, David,</subfield><subfield code="e">author.</subfield><subfield code="0">http://id.loc.gov/authorities/names/n82060618</subfield><subfield code="1">http://viaf.org/viaf/248340752</subfield></datafield><datafield tag="245" ind1="1" ind2="0"><subfield code="a">Protest and power :</subfield><subfield code="b">the battle for the Labour Party /</subfield><subfield code="c">David Kogan.</subfield></datafield><datafield tag="264" ind1=" " ind2="1"><subfield code="a">London :</subfield><subfield code="b">Bloomsbury Reader,</subfield><subfield code="c">2019.</subfield></datafield><datafield tag="264" ind1=" " ind2="4"><subfield code="c">©2019</subfield></datafield><datafield tag="300" ind1=" " ind2=" "><subfield code="a">xvii, 430 pages, 8 unnumbered pages of plates :</subfield><subfield code="b">illustrations (black and white, and color) ;</subfield><subfield code="c">25 cm</subfield></datafield><datafield tag="336" ind1=" " ind2=" "><subfield code="a">text</subfield><subfield code="b">txt</subfield><subfield code="2">rdacontent</subfield></datafield><datafield tag="336" ind1=" " ind2=" "><subfield code="a">still image</subfield><subfield code="b">sti</subfield><subfield code="2">rdacontent</subfield></datafield><datafield tag="337" ind1=" " ind2=" "><subfield code="a">unmediated</subfield><subfield code="b">n</subfield><subfield code="2">rdamedia</subfield></datafield><datafield tag="338" ind1=" " ind2=" "><subfield code="a">volume</subfield><subfield code="b">nc</subfield><subfield code="2">rdacarrier</subfield></datafield><datafield tag="500" ind1=" " ind2=" "><subfield code="a">Includes index.</subfield></datafield><datafield tag="520" ind1="8" ind2=" "><subfield code="a">Under the leadership of Jeremy Corbyn, Labour moves further to the left. For the first time since the 1970s, socialism is back on the agenda, and in an historic first, it defines the leadership. But clashes of ideology, tactics and styles have been the story of the Labour Party for the last 70 years and traditional leadership is often thought to fail. Could things be different with Corbyn? The answer lies in examining the party's history from 1979 to the present.0The forty year conflict within Labour is a fascinating story dominated by powerful political operators. Particularly trying times included the 1950s campaigns over nuclear disarmament and in the 1970s and 1980s over the perceived treachery of the Wilson and Callaghan governments, and their attempts to take power through internal changes with periodic challenges to the Labour leadership. Then there were the Blair Brown years and Iraq.0The strategies used to elect Jeremy Corbyn have been used to create a new mass movement on the left that is moving again to control the machinery of the Labour Party. However, the history of the Labour Party shows that groups that are dominant in one political generation do not necessarily cement that dominance. The left learnt this in 1983, New Labour in 2010. 0This book chronicles the battles within the Labour Party, the schisms between idealogues and pragmatistists, and how the fissures within the Labour Party seem destined to keep Labour in opposition.</subfield></datafield><datafield tag="600" ind1="1" ind2="0"><subfield code="a">Corbyn, Jeremy</subfield><subfield code="x">Political and social views.</subfield><subfield code="0">(uri) http://id.loc.gov/authorities/names/nb2013020772</subfield><subfield code="0">(uri) http://viaf.org/viaf/sourceID/LC|nb2013020772</subfield></datafield><datafield tag="610" ind1="2" ind2="0"><subfield code="a">Labour Party (Great Britain)</subfield><subfield code="x">History.</subfield><subfield code="0">(uri) http://id.loc.gov/authorities/names/n79018534</subfield><subfield code="0">(uri) http://viaf.org/viaf/sourceID/LC|n79018534</subfield></datafield><datafield tag="610" ind1="2" ind2="7"><subfield code="a">Labour Party (Great Britain)</subfield><subfield code="2">fast</subfield><subfield code="0">http://id.worldcat.org/fast/fst00530175</subfield><subfield code="1">http://viaf.org/viaf/126044314</subfield><subfield code="0">(uri) http://id.worldcat.org/fast/fst00530175</subfield></datafield><datafield tag="650" ind1=" " ind2="0"><subfield code="a">Socialism</subfield><subfield code="z">Great Britain.</subfield><subfield code="0">(uri) http://id.loc.gov/authorities/subjects/sh2008111843</subfield></datafield><datafield tag="650" ind1=" " ind2="7"><subfield code="a">Political and social views.</subfield><subfield code="2">fast</subfield><subfield code="0">(OCoLC)fst01353986</subfield><subfield code="0">(uri) http://id.worldcat.org/fast/fst01353986</subfield></datafield><datafield tag="650" ind1=" " ind2="7"><subfield code="a">Socialism.</subfield><subfield code="2">fast</subfield><subfield code="0">(OCoLC)fst01123637</subfield><subfield code="0">(uri) http://id.worldcat.org/fast/fst01123637</subfield></datafield><datafield tag="651" ind1=" " ind2="7"><subfield code="a">Great Britain.</subfield><subfield code="2">fast</subfield><subfield code="0">(OCoLC)fst01204623</subfield><subfield code="0">(uri) http://id.worldcat.org/fast/fst01204623</subfield></datafield><datafield tag="655" ind1=" " ind2="7"><subfield code="a">History.</subfield><subfield code="2">fast</subfield><subfield code="0">(OCoLC)fst01411628</subfield><subfield code="0">(uri) http://id.worldcat.org/fast/fst01411628</subfield></datafield><datafield tag="997" ind1=" " ind2=" "><subfield code="a">MARS</subfield></datafield><datafield tag="958" ind1=" " ind2=" "><subfield code="a">MiU</subfield></datafield><datafield tag="937" ind1=" " ind2=" "><subfield code="a">22636559</subfield></datafield><datafield tag="955" ind1="0" ind2=" "><subfield code="a">MiU</subfield><subfield code="b">HATCH</subfield><subfield code="c">GRAD</subfield><subfield code="h">JN1129.L32 K64 2019</subfield><subfield code="p">39015100230807</subfield><subfield code="z">016999307</subfield></datafield><datafield tag="980" ind1=" " ind2=" "><subfield code="e">30.00</subfield><subfield code="f">22636559</subfield></datafield><datafield tag="995" ind1=" " ind2=" "><subfield code="a">20</subfield></datafield><datafield tag="BIB" ind1=" " ind2=" "><subfield code="u">2021-08-21 04:36:23 US/Eastern</subfield><subfield code="c">2021-06-21 18:39:18 US/Eastern</subfield></datafield><datafield tag="852" ind1="0" ind2=" "><subfield code="b">SHAP</subfield><subfield code="a">MiU</subfield><subfield code="c">SBCS</subfield><subfield code="h">JN 1129 .L32 K64 2019</subfield><subfield code="8">22979298200006381</subfield></datafield><datafield tag="974" ind1=" " ind2=" "><subfield code="8">22979298200006381</subfield><subfield code="f">1</subfield><subfield code="c">SBCS</subfield><subfield code="m">BOOK</subfield><subfield code="a">39015100230807</subfield><subfield code="e">SBCS</subfield><subfield code="7">23979298190006381</subfield><subfield code="p">01</subfield><subfield code="r">2019-06-21 10:59:00</subfield><subfield code="h">JN 1129 .L32 K64 2019</subfield><subfield code="d">SHAP</subfield><subfield code="b">SHAP</subfield></datafield></record>