<record><leader>00000cam a2200445 i 4500</leader><controlfield tag="005">20210308131113.0</controlfield><controlfield tag="008">900424s1972    ir       b    000 0 per  </controlfield><controlfield tag="001">990014334170106381</controlfield><datafield tag="035" ind1=" " ind2=" "><subfield code="a">(MiU)001433417MIU01</subfield></datafield><datafield tag="010" ind1=" " ind2=" "><subfield code="a">74213106</subfield></datafield><datafield tag="035" ind1=" " ind2=" "><subfield code="a">(CaOTULAS)176421434</subfield></datafield><datafield tag="035" ind1=" " ind2=" "><subfield code="a">(SAZTEC)064801850</subfield></datafield><datafield tag="035" ind1=" " ind2=" "><subfield code="a">(OCoLC)21423612</subfield><subfield code="0">(uri) http://www.worldcat.org/oclc/21423612</subfield></datafield><datafield tag="035" ind1=" " ind2=" "><subfield code="a">(OCoLC)ocm21423612</subfield><subfield code="0">(uri) http://www.worldcat.org/oclc/21423612</subfield></datafield><datafield tag="040" ind1=" " ind2=" "><subfield code="a">DLC</subfield><subfield code="b">eng</subfield><subfield code="c">WAU</subfield><subfield code="d">WAU</subfield><subfield code="d">OCLCG</subfield><subfield code="d">CUY</subfield><subfield code="d">OCLCA</subfield><subfield code="d">JPG</subfield><subfield code="d">OCLCF</subfield><subfield code="d">OCLCQ</subfield><subfield code="d">OCLCO</subfield><subfield code="d">DHA</subfield><subfield code="d">OCLCQ</subfield></datafield><datafield tag="041" ind1="1" ind2=" "><subfield code="a">per</subfield><subfield code="h">ara</subfield></datafield><datafield tag="043" ind1=" " ind2=" "><subfield code="a">aw-----</subfield><subfield code="a">ff-----</subfield></datafield><datafield tag="049" ind1=" " ind2=" "><subfield code="a">EYMG</subfield></datafield><datafield tag="050" ind1=" " ind2="0"><subfield code="a">JC393.A3</subfield><subfield code="b">G42 1972</subfield></datafield><datafield tag="082" ind1="0" ind2=" "><subfield code="a">891.5533</subfield><subfield code="2">22</subfield></datafield><datafield tag="100" ind1="0" ind2=" "><subfield code="6">880-01</subfield><subfield code="a">Ghazzālī,</subfield><subfield code="d">1058-1111.</subfield><subfield code="0">http://id.loc.gov/authorities/names/n82097778</subfield><subfield code="0">(uri) http://id.loc.gov/authorities/names/n82097778</subfield><subfield code="0">(uri) http://viaf.org/viaf/sourceID/LC|n82097778</subfield></datafield><datafield tag="245" ind1="1" ind2="0"><subfield code="6">880-02</subfield><subfield code="a">Naṣīḥat al-mulūk,</subfield><subfield code="b">taʼlīf-i Muḥammad ibn Muḥammad ibn Muḥammad Ghazzālī al-Tūsī. Bā taṣḥīḥ-i mujaddad va havāshī va taʻlīqāt va muqaddamah-i tāzah bih khāmah-i Jalāl al-Dīn Humāʼī.</subfield></datafield><datafield tag="260" ind1=" " ind2=" "><subfield code="a">Tihrān :</subfield><subfield code="b">[Anjuman-i Ās̲ār-i Millī],</subfield><subfield code="c">[1972] 1351.</subfield></datafield><datafield tag="300" ind1=" " ind2=" "><subfield code="a">3, 196, 529 pages ;</subfield><subfield code="c">25 cm.</subfield></datafield><datafield tag="336" ind1=" " ind2=" "><subfield code="a">text</subfield><subfield code="b">txt</subfield><subfield code="2">rdacontent</subfield></datafield><datafield tag="337" ind1=" " ind2=" "><subfield code="a">unmediated</subfield><subfield code="b">n</subfield><subfield code="2">rdamedia</subfield></datafield><datafield tag="338" ind1=" " ind2=" "><subfield code="a">volume</subfield><subfield code="b">nc</subfield><subfield code="2">rdacarrier</subfield></datafield><datafield tag="490" ind1="0" ind2=" "><subfield code="6">880-03</subfield><subfield code="a">Silsilah-i intishārāt-i Anjumna-i Ās̲ār-i Millī ;</subfield><subfield code="v">90</subfield></datafield><datafield tag="500" ind1=" " ind2=" "><subfield code="a">Partially vocalized.</subfield></datafield><datafield tag="500" ind1=" " ind2=" "><subfield code="a">Includes text of a hitherto unpublished Arabic translation of the first part of the work (p.[379]-434).</subfield></datafield><datafield tag="504" ind1=" " ind2=" "><subfield code="a">Includes bibliographical references (pages 514-520).</subfield></datafield><datafield tag="651" ind1=" " ind2="0"><subfield code="a">Islamic Empire</subfield><subfield code="x">Kings and rulers.</subfield><subfield code="0">(uri) http://id.loc.gov/authorities/subjects/sh94001222</subfield></datafield><datafield tag="650" ind1=" " ind2="0"><subfield code="a">Education of princes.</subfield><subfield code="0">(uri) http://id.loc.gov/authorities/subjects/sh85041100</subfield></datafield><datafield tag="650" ind1=" " ind2="0"><subfield code="a">Kings and rulers</subfield><subfield code="x">Religious life.</subfield><subfield code="0">(uri) http://id.loc.gov/authorities/subjects/sh85072429</subfield></datafield><datafield tag="700" ind1="1" ind2=" "><subfield code="6">880-04</subfield><subfield code="a">Humāʼī, Jalāl al-Dīn</subfield><subfield code="0">http://id.loc.gov/authorities/names/n80086496</subfield><subfield code="1">http://viaf.org/viaf/193026030</subfield></datafield><datafield tag="880" ind1="0" ind2=" "><subfield code="6">100-01/</subfield><subfield code="a">غزالي.</subfield><subfield code="0">http://id.loc.gov/authorities/names/n82097778</subfield></datafield><datafield tag="880" ind1="1" ind2="0"><subfield code="6">245-02/</subfield><subfield code="a">نصيحة الملوك /</subfield><subfield code="c">تأليف محمد بن محمد بن محمد غزالي طوسي ؛ با تصحيح مجدد و حواشي و تعليقات و مقدمه تازه به خامه جلال الدين همائي.</subfield></datafield><datafield tag="880" ind1=" " ind2=" "><subfield code="6">260-00/</subfield><subfield code="a">تهران :</subfield><subfield code="b">انجمن آثار ملي،</subfield><subfield code="c">1351 [1972]</subfield></datafield><datafield tag="880" ind1="0" ind2=" "><subfield code="6">490-03/</subfield><subfield code="a">سلسله انتشارات انجمن آثار ملى ؛</subfield><subfield code="v">90</subfield></datafield><datafield tag="880" ind1="1" ind2=" "><subfield code="6">700-04/</subfield><subfield code="a">همائي، جلال الدين.</subfield></datafield><datafield tag="997" ind1=" " ind2=" "><subfield code="a">ADD_URI</subfield></datafield><datafield tag="998" ind1=" " ind2=" "><subfield code="c">ZK-NE-03-2021 SAZTEC cleanup 2021</subfield></datafield><datafield tag="998" ind1=" " ind2=" "><subfield code="c">UTL</subfield><subfield code="s">9662</subfield></datafield><datafield tag="958" ind1=" " ind2=" "><subfield code="a">MiU</subfield></datafield><datafield tag="995" ind1=" " ind2=" "><subfield code="a">20</subfield></datafield><datafield tag="BIB" ind1=" " ind2=" "><subfield code="u">2021-08-21 04:35:23 US/Eastern</subfield><subfield code="c">2021-06-21 18:38:45 US/Eastern</subfield></datafield><datafield tag="852" ind1="0" ind2=" "><subfield code="b">SHAP</subfield><subfield code="a">MiU</subfield><subfield code="c">SBCS</subfield><subfield code="h">JC 393 .A3 G42 1972</subfield><subfield code="8">22978968250006381</subfield></datafield><datafield tag="974" ind1=" " ind2=" "><subfield code="8">22978968250006381</subfield><subfield code="f">1</subfield><subfield code="c">SBCS</subfield><subfield code="m">BOOK</subfield><subfield code="a">39015002444605</subfield><subfield code="e">SBCS</subfield><subfield code="u">mdp.39015002444605 ic 20210310</subfield><subfield code="7">23978968240006381</subfield><subfield code="p">01</subfield><subfield code="r">1989-09-23 10:59:00</subfield><subfield code="h">JC 393 .A3 G42 1972</subfield><subfield code="d">SHAP</subfield><subfield code="b">SHAP</subfield></datafield></record></collection>
